2180 3658
220 208 343 246 CAP.
375 206 536 243 XVIII.
848 201 1079 238 10‘CA1..
1114 200 1677 238 PRAELECTIONES

407 276 516 321 quitas
523 286 604 322 ergo
616 271 669 307 illa
678 271 832 306 debuerat
840 268 980 305 stabilire
991 267 1085 317 Legis
1094 267 1159 302 Dei
1166 266 1263 302 fidem
1280 296 1287 303 .
1295 268 1397 304 Nunc
1405 280 1484 317 ergo
1495 269 1642 305 videmus
1649 268 1729 314 quid
1737 266 1803 302 haec
1810 266 1878 302 duo
1885 266 2041 308 valeants·

379 335 382 339 ’
408 323 486 372 φιόιί
492 326 646 359 corruerim
657 344 665 359 ,
674 321 724 353 vel
734 315 925 353 offenderint
934 317 1035 353 Iudaei
1042 317 1168 364 decepti
1176 316 1195 349 ὲ
1213 315 1298 351 falsis
1313 318 1506 352 doctoribus
1519 323 1551 355 in
1566 317 1687 364 »dissuis
1695 341 1704 356 ‚
1712 315 1834 363 quibus
1842 315 1962 350 scilicet
1975 316 2024 351 as-

409 375 573 408 sueuerant
584 382 591 402 :
602 369 715 403 deinde
722 363 1037 417 instrnitafhculi‚hoc
1047 365 1135 406 est,in
1145 366 1292 401 dostrina
1299 367 1362 400 iam
1375 365 1456 399 olim
1466 378 1591 414 recepta
1602 391 1611 407 ,
1621 370 1652 399 &
1664 367 1753 400 cuius
1763 365 1944 399 authoritas
1952 366 2026 412 plu-

410 420 501 454 ribus
511 418 630 452 saeculis
643 416 781 451 stabilita
791 413 917 450 fuerat.
935 416 980 449 Ex
990 414 1145 463 opposito
1160 415 1238 449 dicit
1253 415 1372 450 traaos
1388 412 1482 450 fuiss'e
1489 414 1615 450 Iudaeos
1630 416 1671 449 ad
1688 413 1812 449 semitas
1821 437 1832 451 ,
1841 417 1872 448 &
1881 417 1957 448 viam
1965 426 2023 448 nem

408 470 545 504 calcatam
555 490 564 505 ,
575 466 638 500 hoc
649 465 691 499 est
702 488 711 504 ‚
720 463 739 498 ’ὲ
750 466 832 499 reeta
845 466 897 498 via
912 462 1004 498 fuiffe
1020 464 1182 499 abdufitos
1198 464 1230 496 in
1240 474 1398 497 errorem.
1416 463 1583 498 Etiterum
1593 472 1749 511 aggtauat
1766 473 1881 497 eorum
1890 463 2025 502 crimen,

405 516 499 562 quod
509 514 678 550 maluerint
689 525 793 548 errare
801 512 900 559 quam
911 524 1018 548 tenete
1027 514 1111 548 viam
1123 537 1133 552 ,
1144 522 1215 558 quae
1225 512 1344 546 calcata
1353 511 1450 552 eratu‘z
1460 511 1613 548 Patribus
1622 511 1754 547 scilicet.
1766 508 1941 551 Caeterum,
1950 511 2026 558 pol}

402 565 451 600 set
461 563 516 599 hic
530 564 632 609 quaeri
641 587 650 603 ‚
661 575 700 597 an
710 574 765 610 per
782 559 813 597 se
827 563 972 596 damnari
981 560 1095 595 debeat
1109 561 1177 595 haec
1186 562 1325 594 mutatio
1336 583 1344 599 ,
1354 560 1431 594 dum
1443 560 1631 595 vetustatem
1639 562 1877 595 contemnimus
1893 583 1902 600 ‚
1918 562 1950 592 δι
1960 571 2025 606 po-

403 615 660 660 tiusreputamus
667 611 746 657 quid
755 612 874 644 reetum
887 610 931 644 lit:
940 609 1061 644 solutio
1071 606 1175 642 facilis
1184 606 1235 641 est.
1242 607 1407 654 Propheta
1415 610 1500 642 enim
1509 609 1564 642 hic
1573 608 1722 654 quuitur
1733 607 1798 642 Dei
1806 609 1948 643 nornine.
1961 608 2025 641 Er-

405 674 451 711 go
460 662 653 709 principium
662 660 741 693 illud
750 659 922 693 tenendum
932 657 974 693 est
983 682 993 698 ,
1001 656 1138 690 Nullam
1149 654 1210 690 esse
1227 656 1313 689 viam
1324 679 1334 695 ‚
1344 655 1400 689 nisi
1410 668 1510 701 quam
1522 655 1614 690 Deus
1628 658 1690 704 ipse
1698 655 1890 692 monstrauit
1900 668 1909 688 ε
1919 656 2023 702 siquis

407 708 538 745 venisset
547 709 686 748 aliunde,
695 711 727 741 δε
737 706 875 742 iaEtaffet
883 708 1119 751 antiquitatem,
1129 701 1294 751 Propheta
1302 703 1448 737 ludibrio
1459 703 1521 738 hab
1527 703 1616 738 uiffet
1632 705 1720 738 illam
1728 706 1911 739 iaAEtantiam
1924 731 1930 738 .
1942 718 2026 751 qua-

409 765 456 794 re?
470 771 544 793 nam
562 768 708 803 quaenam
716 755 759 788 est
768 754 903 789 vetustas
912 755 946 787 in
955 751 1146 787 hominibus
1153 775 1163 791 ‚
1182 753 1241 798 qui
1249 750 1354 786 statim
1363 750 1577 787 euanescunt?
1591 755 1623 784 &
1632 763 1667 787 vt
1678 762 1906 787 coaceruemus
1922 754 2025 789 multa

408 807 638 846 saeculassamen
647 805 728 838 inter
742 804 885 837 homines
896 814 963 835 non
974 801 1148 848 reperietur
1157 801 1333 846 quicquam
1347 798 1575 841 firmum.111ud
1585 801 1683 847 igitur
1691 798 1839 835 notanda
1850 800 1902 840 est,
1914 800 2025 837 Deum

409 853 504 891 fuisse
513 858 628 889 ducem
640 854 705 886 cius
716 853 772 884 viae
784 875 793 890 ‚
803 863 901 895 quarn
911 850 1123 895 conqueritur
1133 848 1294 895 Propheta
1303 847 1444 883 relietam
1454 847 1541 884 ess'ea
1551 847 1687 898 populo.
1698 847 1798 883 Nunc
1808 859 1878 895 quae
1886 851 2026 894 sequun-

410 916 463 940 tur
475 902 597 950 optime
608 900 769 935 cobserent
778 924 785 938 ‚
795 910 908 945 nempe
916 897 1009 945 quod
1020 897 1158 946 populus
1167 896 1246 932 avia
1254 895 1464 937 aberrauerit‚
1472 909 1570 944 quam
1581 898 1638 931 diu
1646 908 1800 932 tenuerat.
1812 910 1917 943 neque
1927 900 2025 940 enim,

413 965 447 989 vt
457 954 521 986 iam
531 951 650 984 dietum
662 946 703 982 cst
713 972 722 985 ,
730 947 856 993 sequuti
870 944 998 982 fuerant
1006 946 1104 981 ludaei
1115 945 1257 991 aliquem
1265 957 1300 981 ex
1316 945 1510 981 mortalibus
1518 969 1528 987 ,
1536 946 1590 981 sed
1598 945 1710 980 Deum
1718 943 1819 994 ipsum
1830 970 1839 985 ,
1847 947 1905 992 qui
1912 947 2027 994 digna-

409 1012 461 1036 tus
469 998 572 1033 fuerat
584 1009 716 1031 manum
724 995 786 1030 illis
794 997 959 1044 porrigere
970 999 1002 1029 &
1013 994 1176 1029 ostendere
1193 1005 1310 1029 certam
1325 992 1433 1028 salutis
1440 995 1542 1030 viam:
1554 996 1669 1030 deinde
1685 995 1865 1029 notandum
1873 994 1916 1029 est
1925 1018 1934 1034 ,
1942 1007 2027 1040 qua-

412 1049 457 1083 les
468 1045 587 1081 fuerint
603 1045 737 1079 illorum
748 1046 872 1084 Patres,
889 1055 1003 1092 nempe
1027 1045 1085 1089 qui
1100 1040 1178 1076 Deo
1195 1040 1324 1077 fuerant
1338 1039 1527 1089 obsequuti:
1548 1047 1579 1077 δε
1595 1042 1669 1079 cum
1684 1053 1736 1078 tot
1749 1042 1905 1078 haberent
1918 1055 2026 1078 exem-

411 1098 466 1145 pla.
482 1120 490 1135 ‚
507 1094 670 1130 debebant
684 1095 785 1140 magis
802 1106 839 1127 ac
857 1094 957 1140 magis
974 1093 1015 1127 ad
1024 1091 1170 1129 imitandi
1187 1088 1328 1127 studium
1354 1091 1481 1126 incitari
1493 1119 1499 1125 .
1521 1089 1596 1126 Fuit
1613 1093 1711 1139 igitur
1720 1092 1787 1127 haec
1800 1091 2025 1127 inexcusabilis

413 1146 554 1193 prauitas
564 1168 573 1183 ,
584 1145 668 1177 viam
683 1141 787 1188 longo
805 1141 861 1176 vsu
870 1139 976 1188 probe
995 1150 1195 1187 compertam
1211 1139 1603 1186 relinquereainmsgculi,
1618 1140 1682 1174 hoc
1691 1139 1733 1175 est
1746 1151 1833 1187 ‚quae
1847 1138 1952 1176 fuerat
1962 1140 2026 1174 illis

412 1193 552 1242 probata
560 1203 626 1226 tam
635 1191 740 1237 longo
749 1201 894 1237 tempore
903 1213 913 1229 ‚
921 1193 952 1222 &
962 1188 1050 1225 abire
1056 1188 1214 1234 infimitas
1221 1201 1275 1223 non
1284 1188 1416 1228 calcatas,
1423 1201 1536 1237 nempe
1544 1192 1622 1235 quia
1632 1188 1726 1223 nullo
1733 1189 1879 1237 exemplo
1888 1188 2026 1224 San&0-

412 1254 487 1277 rum
503 1242 560 1286 qui
576 1238 636 1273 soli
649 1249 737 1274 erant
746 1241 814 1273 veri
828 1249 931 1286 patres
940 1235 1066 1274 fuerant
1073 1236 1203 1272 addoni
1214 1260 1222 1275 ‚
1230 1248 1264 1269 vt
1275 1235 1333 1269 fibi
1347 1239 1568 1283 excogitarent
1577 1249 1686 1272 nouos
1694 1261 1704 1277 ‚
1713 1240 1746 1271 δι
1763 1236 1893 1272 fictitios
1907 1237 2025 1272 cultus:

413 1291 528 1325 deinde
545 1299 581 1323 vt
592 1286 795 1322 desciscerent
806 1286 824 1320 a
837 1286 969 1334 limplici
978 1285 1071 1332 Legis
1088 1286 1235 1319 doctrina
1246 1310 1252 1315 .
1263 1283 1298 1318 Si
1312 1285 1383 1329 quis
1394 1283 1603 1332 respondisset
1616 1310 1626 1326 ,
1637 1285 1772 1320 calcatas
1787 1284 1848 1320 effe
1864 1286 1931 1320 illas
1948 1288 2028 1326 vias,

415 1339 573 1385 quoniam
582 1336 780 1372 haberent&
798 1333 948 1382 Affyrios
958 1358 966 1374 ,
978 1337 1011 1367 ἀ
1021 1336 1184 1381 AEgyptios
1201 1333 1305 1366 socios
1313 1331 1573 1380 superstitionum
1583 1357 1592 1373 ,
1606 1346 1673 1368 non
1689 1335 1798 1381 potuit
1807 1333 1873 1368 haec
1884 1336 2028 1381 exceptio

415 1387 543 1423 admitti
555 1414 560 1420 .
576 1398 660 1424 nam,
669 1384 947 1430 quemadmodum
958 1384 1020 1416 iam
1031 1383 1114 1420 dixi,
1123 1380 1284 1429 Propheta
1293 1393 1360 1414 non
1369 1381 1550 1428 promiscue
1559 1382 1597 1417 de
1605 1379 1805 1428 quibussibet
1817 1381 1966 1430 exemplis
1973 1382 2027 1429 loq

415 1433 595 1483 quitur‚sed
605 1435 644 1468 dc
655 1431 804 1479 exemplis
813 1429 957 1471 patrum,
967 1442 1052 1477 quos
1063 1440 1185 1467 certum
1193 1440 1258 1464 erat
1267 1426 1361 1464 fuisse
1377 1428 1601 1477 gubernatosd
1611 1431 1776 1466 Domino.
1814 1428 1978 1477 Sequitur,

479 1543 520 1580 16
579 1529 646 1579 Ad
658 1528 914 1598 ponendum
935 1546 1097 1578 terram
1109 1545 1263 1576 eorum
1272 1527 1318 1575 in
1328 1526 1574 1578 vastitatem
1585 1567 1598 1586 ,
1608 1529 1753 1586 Ῑσοεεὲἶ,
1765 1544 1936 1596 vtponam
1944 1528 2025 1578 ter-3

414 1622 613 1669 mineorum
629 1607 664 1648 in
678 1599 945 1652 vastitatemun
958 1597 1078 1647 sibila
1090 1595 1516 1666 perpetuasquisquis
1526 1596 1723 1653 tranfibit
1734 1616 1813 1666 per
1835 1616 1928 1648 eam
1939 1600 1999 1654 ob
2009 1627 2026 1638 -

421 1669 630 1738 stupescet
642 1706 656 1727 ,
673 1677 717 1717 δε
728 1668 927 1718 monebit
940 1685 1085 1736 caput.

484 1789 554 1824 Iam
565 1790 672 1824 rursus
680 1788 846 1824 denuntiat
864 1786 1026 1836 Propheta
1035 1791 1162 1836 poenam
1171 1785 1180 1828 ζ
1188 1797 1289 1836 quam
1298 1787 1404 1823 meriti
1414 1786 1523 1829 eran&
1539 1795 1653 1837 nempe
1660 1784 1736 1837 qud
1740 1788 1889 1824 immineat
1905 1796 1988 1822 terrae
1994 1785 2026 1823 i-'

412 1839 520 1889 pfbrum
527 1838 656 1884 vastitas:
668 1837 877 1883 Haec,inquit‚
886 1839 943 1871 erit
953 1846 1196 1872 merceseorum
1206 1861 1215 1877 ‚
1229 1836 1306 1885 quaid
1315 1836 1459 1885 redigetur
1467 1848 1540 1874 terra
1547 1840 1579 1874 in
1581 1835 1767 1885 filitudinem
1775 1861 1784 1876 2
1796 1833 2024 1878 deind‘t'nstbilae

411 1899 549 1937 perpetua
559 1911 568 1927 ‚
576 1887 626 1921 vel
636 1888 668 1919 in
679 1886 964 1930 fibssos(vtrunque
973 1887 1058 1920 enim
1066 1898 1165 1932 genus
1172 1887 1416 1934 reperitur.)hic
1425 1887 1558 1934 ponitur
1567 1887 1662 1920 etiam
1670 1897 1789 1920 nomen
1800 1881 1954 1930 til-nmquo
1961 1895 2029 1918 nu·-
2039 1898 2055 1902 r

414 1949 471 1985 per
481 1950 497 1969 v
504 1935 552 1970 sus
567 1934 629 1969 fuit
639 1933 803 1981 Propheta
815 1957 825 1973 ‚
841 1934 893 1967 sed
903 1933 1032 1968 diuerso
1051 1931 1139 1968 sensu
1147 1945 1156 1966 ·.
1164 1946 1237 1968 nam
1248 1932 1322 1968 clim
1331 1934 1472 1969 vocabat
1472 1934 1592 1981 semitas
1598 1934 1698 1979 fiaeculi,
1706 1935 1747 1968 ad
1755 1935 1950 1981 praetcritum
1959 1942 2024 1966 tem

415 1998 475 2033 pus
489 1983 675 2032 respiciebat
684 1996 692 2016 ·.
701 1996 785 2017 nunc
796 1994 901 2017 autem
911 1982 950 2016 de
962 1979 1076 2016 futuro
1085 1992 1233 2030 tempore
1242 1982 1362 2016 dicitur
1371 2009 1378 2016 .
1396 1983 1571 2029 Qoniam
1586 1978 1773 2030 ergqudaei
1785 1980 1847 2016 sese
1864 1980 2027 2016 alienaue-

417 2045 490 2068 rant
501 2032 518 2066 εἴ
529 2046 546 2066 v
552 2034 588 2066 iis
597 2031 631 2064 [Ξ
637 2031 699 2066 culi
709 2056 718 2071 ,
727 2031 789 2065 hoc
796 2030 839 2064 est
849 2055 858 2071 ‚
868 2030 909 2065 ab
920 2041 1036 2065 aeterna
1046 2029 1113 2064 Dei
1121 2032 1254 2065 veritate
1264 2053 1273 2069 ‚
1285 2031 1358 2064 ideo
1379 2031 1457 2066 dicit
1474 2041 1578 2068 terram
1595 2031 1714 2080 ipsbrum
1726 2031 1786 2074 fiire
1799 2031 1948 2065 materiam
1950 2027 2026 2074 fibili

413 2085 551 2130 perpetui
561 2105 570 2120 ,
578 2081 735 2126 quoniam
744 2092 811 2114 non
821 2078 947 2113 tantum
957 2079 1065 2126 paucis
1081 2081 1170 2113 annis
1179 2078 1247 2118 ,sed
1257 2077 1356 2124 vsque
1365 2079 1407 2114 ad
1418 2078 1514 2114 finem
1529 2081 1642 2114 mundi
1651 2079 1818 2113 horribilis
1828 2079 1886 2112 erit
1897 2078 1949 2111 illa
1959 2078 2027 2112 cla-

417 2132 474 2165 des
484 2155 492 2170 ,
506 2141 578 2176 quae
586 2140 664 2163 tunc
675 2127 812 2162 instabat
825 2155 830 2160 .
842 2127 881 2160 Et
890 2127 1030 2161 secundo
1039 2126 1189 2162 membro
1204 2126 1320 2162 clarius
1334 2140 1368 2162 ex
1394 2129 1480 2164 rimit
1494 2127 1734 2174 quidintelligat
1741 2139 1796 2175 per
1799 2126 1892 2170 fibilos
1901 2136 2027 2165 aeternos‚

418 2191 532 2226 nempe
543 2180 610 2226 quia
628 2177 756 2224 qmsquis
771 2174 901 2220 transibit
906 2186 958 2223 per
966 2189 1026 2211 eam
1037 2200 1046 2215 ,
1055 2174 1237 2224 obstupefi‘em
1246 2139 1416 2215 <ra-monesi}
1430 2187 1515 2224 caput
1524 2201 1533 2215 ,
1543 2176 1593 2210 vel
1604 2177 1766 2212 concutiet
1782 2183 1877 2222 caput
1886 2197 1895 2213 ‚
1910 2186 2027 2220 quem-2

420 2228 601 2263 admodum
612 2225 691 2260 solet
702 2224 770 2258 fieri
777 2225 828 2259 vel
840 2225 870 2257 in
878 2222 1019 2271 stupore,
1028 2224 1078 2259 vel
1088 2225 1121 2258 in
1134 2224 1280 2259 ludibrio
1288 2248 1299 2264 ,
1307 2225 1358 2258 vel
1367 2225 1400 2258 in
1407 2224 1625 2260 detestatione.
1636 2224 1701 2258 haec
1710 2222 1863 2268 loquutio
1872 2219 2027 2267 frequen-

419 2287 467 2310 ter
477 2276 618 2309 occurrit
627 2287 666 2321 ap
673 2275 713 2308 ud
724 2273 900 2321 Prophetas
911 2300 917 2306 .
928 2273 1033 2307 Terra
1051 2272 1197 2308 Chnaam
1216 2271 1389 2321 postquam
1397 2274 1471 2308 data
1481 2271 1543 2308 fuit
1553 2273 1666 2308 Iudaeis
1673 2295 1683 2311 ‚
1692 2282 1758 2306 erat
1773 2269 1862 2317 quast
1870 2269 2027 2305 excellen-

418 2323 571 2358 tissimum
580 2323 742 2356 theatrum
751 2323 857 2355 omnis
866 2321 1037 2368 opulentiae
1047 2320 1157 2356 :Deus
1167 2323 1251 2356 enim
1260 2323 1292 2355 in
1303 2335 1339 2356 ea
1348 2321 1539 2370 explicuerat
1546 2318 1776 2354 inaestimabiles
1789 2317 1957 2354 thesauros
1964 2318 2028 2353 suae

420 2372 576 2406 bonitatis
586 2393 595 2408 ,
603 2380 636 2403 vt
645 2380 768 2416 raperet
777 2369 842 2416 ipso
850 2368 975 2416 aspestu
985 2381 1097 2403 omnes
1107 2370 1140 2402 in
1148 2370 1393 2404 admirationem
1402 2369 1506 2404 sui.ita
1514 2381 1549 2402 ex
1566 2382 1587 2403 o
1612 2368 1717 2417 posito
1726 2365 1791 2401 fuit
1799 2368 1931 2402 materia
1944 2367 2029 2415 hor-3

421 2420 507 2454 roris
516 2443 525 2460 ,
534 2422 565 2452 δε
577 2417 755 2457 sibilorum,
766 2417 839 2451 cum
851 2416 944 2452 Deus
951 2430 1019 2451 eam
1027 2417 1189 2451 maledixit
1199 2443 1206 2450 .
1244 2416 1507 2462 Posteasequitur
1514 2428 1577 2452 con
1605 2416 1736 2456 tutatio,

473 2539 520 2577 17
583 2525 631 2565 In
643 2533 777 2565 vento
794 2514 1003 2562 Orientali
1019 2551 1032 2570 ,
1041 2516 1103 2562 vel
1111 2531 1178 2580 per
1187 2516 1558 2563 ventum-Orientalcm
1577 2514 1738 2580 :quidam
1758 2516 1872 2584 legunt
1885 2517 1981 2564 'zloco
1988 2519 2027 2572 ³,

424 2602 477 2644 ω’
487 2581 788 2651 ἅὶειιηῐ,ϊανιι]ὶιαηι
799 2601 926 2632 venato·
942 2585 1133 2631 Orientalzs
1143 2583 1228 2646 :fid
1236 2582 1328 2649 qudd
1346 2585 1394 2631 ad
1409 2599 1555 2632 mentem
1574 2583 1915 2652 Prophetaespefi‘ar,
1932 2584 2023 2632 nulla

422 2657 485 2704 eff
493 2654 701 2726 ambiguitas
711 2669 941 2720 :perventum
959 2673 1039 2721 ego
1055 2655 1268 2702 Orientale-m
1281 2690 1293 2708 ,
1304 2650 1552 2720 dispergam
1565 2670 1633 2700 eos
1653 2670 1802 2698 coram
1813 2653 1919 2700 facie
1932 2651 2022 2698 ini-

422 2725 527 2772 mici
540 2744 553 2770 :
566 2724 782 2772 ceruicem
792 2760 804 2779 ‚
819 2729 862 2768 ὃς
875 2741 962 2769 non
975 2721 1128 2770 faciem
1140 2720 1367 2769 ostendam
1380 2720 1494 2788 ipsis,
1503 2723 1621 2770 videre
1630 2719 1851 2789 zpfhsfizciam
1868 2721 1937 2780 ‚in
1946 2718 2021 2777 die

424 2793 676 2841 calamitatis
690 2791 882 2859 ipsorum
894 2828 906 2848 ‚
919 2793 978 2839 vel
984 2795 1142 2839 interim
1149 2828 1164 2848 ,
1173 2793 1279 2853 vtalij
1297 2806 1446 2841 vcrmnt.

494 2910 701 2957 Qanquam
710 2920 779 2942 non
787 2907 971 2956 exprimitur
979 2917 1057 2941 nota
1068 2906 1280 2941 similitudinis
1288 2931 1297 2945 ‚
1313 2906 1334 2940 si
1343 2906 1501 2954 legimus:
1513 2917 1579 2940 non
1593 2915 1611 2939 ο
1621 2915 1742 2940 ztamen
1759 2902 1921 2951 Propheta
1939 2905 2026 2940 {imi-⁸

417 2958 552 2992 litudine
561 2960 676 2992 vtitur.
687 2970 792 3004 neque
800 2958 884 2990 enim
900 2955 986 2989 Deus
1001 2956 1128 3002 impulit
1137 2965 1237 2989 vento
1247 2954 1411 2990 Orientali
1429 2956 1564 2993 ludaeos,
1579 2954 1795 2999 sedquoniam
1811 2953 1946 2988 violenti
1955 2953 2027 2991 sunt

416 3006 502 3039 illius
521 3010 605 3040 venti
620 3007 756 3054 impetus
767 3007 799 3038 in
817 3006 923 3040 Iudoea
937 3027 947 3042 ,
956 3002 990 3036 [κ
1002 3017 1032 3038 τε
1040 3015 1153 3038 ventus
1163 3003 1529 3038 Orientalistantundem
1538 3001 1622 3036 valet
1639 3014 1675 3035 ac
1685 2999 1826 3049 procella
1835 3024 1844 3039 ,
1856 3001 2028 3037 velturbot

415 3053 478 3088 aeli
488 3054 606 3087 diceret
615 3078 623 3092 ‚
632 3065 785 3098 tanquam
794 3052 925 3088 turbine
935 3076 943 3090 ,
953 3016 1006 3085 vel
1012 3052 1154 3099 procella
1168 3064 1231 3099 ego
1240 3052 1362 3086 eiiciam
1371 3052 1471 3099 ipsos‘-
1485 3049 1646 3097 'dispergam
1656 3049 1777 3094 ,inquit
1785 3071 1796 3087 ,
1807 3049 1856 3083 vel
1865 3050 2026 3098 disfipabo

415 3102 507 3136 cothm
517 3104 595 3144 facie
612 3105 722 3136 inimici
743 3129 749 3134 .
771 3100 937 3149 Significat
952 3100 1227 3135 venmros‘hostes
1245 3124 1255 3139 ,
1272 3101 1329 3146 qui
1342 3099 1468 3135 Iudaeos
1482 3097 1500 3132 ὲ
1513 3109 1597 3132 terra
1610 3096 1666 3132 fua
1681 3098 1888 3132 exterminent
1903 3111 1912 3131 ι
1926 3099 1978 3134 sed
1994 3112 2031 3135 a-

414 3149 481 3184 liud
491 3150 656 3196 adiungit,
669 3162 783 3197 nempe
793 3151 906 3196 plenos
913 3147 1019 3183 hostes
1032 3146 1106 3183 fore
1119 3159 1244 3184 terrore
1254 3173 1264 3190 ‚
1281 3150 1439 3192 quoniam
1449 3146 1541 3181 Deus
1548 3145 1640 3181 dabit
1657 3144 1718 3180 illis
1726 3146 1792 3181 vim
1801 3146 1938 3181 turbinis
1948 3171 1957 3187 ,
1973 3158 2032 3184 aut

1872 3196 2040 3251 procelle!
