2180 3658
605 255 1061 296 1N1EREM1AM.
1641 279 1689 308 w

74 323 235 373 sedipfius
246 322 309 360 Dei
319 351 327 358 .
343 321 436 359 Dicit
450 321 547 370 igitur
563 327 653 359 Deum
666 324 1060 374 aperuiffethesaurumfimm,
1080 337 1194 374 nempe
1210 326 1367 372 quoniam
1376 326 1474 364 habet
1495 330 1605 365 varios
1617 332 1649 363 ἃ

76 373 266 422 multiplices
284 372 404 407 modos
414 397 423 413 ,
439 372 496 418 qui
514 371 656 407 humano
669 371 756 408 sensu
774 375 1004 421 comprehendi
1018 385 1183 421 nequeunt
1193 398 1204 414 ‚
1220 374 1277 410 vbi
1293 377 1362 411 vult
1382 377 1498 425 impios
1514 379 1655 427 perdere.

80 433 146 457 erat
155 419 406 470 inexpugnabilis
422 420 476 454 illa
486 417 678 455 Monarchia
689 444 698 460 ,
707 434 821 469 nempe
836 423 979 456 humano
986 422 1073 458 sensu
1086 436 1094 457 :
1107 422 1158 459 scd
1168 422 1257 458 Deus
1265 421 1320 459 hic
1329 425 1441 459 dicitse
1449 425 1567 461 habere
1582 437 1657 461 mo·

80 471 158 506 dum
166 470 368 506 reconditum
379 492 388 508 ,
404 481 472 514 quo
481 468 684 516 Babylonem
699 469 794 504 vastet
803 494 812 509 ‚
822 481 920 515 atque
934 472 965 503 in
976 471 1108 505 nihilum
1117 474 1242 518 redigat
1253 497 1260 504 .
1280 466 1341 505 Per
1357 472 1593 509 firnilitudinem
1607 486 1657 508 cr-

78 531 124 568 go
133 528 270 554 vocatur
279 516 440 553 thesaurus
452 516 533 555 Dei,
552 519 634 552 ratio
645 527 713 563 quae
728 516 851 565 superat
861 518 1006 553 humanae
1015 522 1130 554 mentis
1144 531 1271 568 captum
1281 543 1290 559 ,
1308 520 1489 556 vbiscilicet
1506 519 1598 557 Deus
1607 525 1657 556 iu-

78 568 163 602 dicia
173 565 226 600 sua
234 565 400 611 exequitur
409 565 513 601 modis
529 566 649 600 arcanis
659 567 691 598 &
707 567 894 614 inopinatis.
917 566 1088 610 Qoniam
1099 580 1179 615 ergo
1189 571 1241 603 vix
1256 579 1402 615 poterant
1419 568 1528 605 fideles
1535 572 1650 605 animis

81 616 249 662 concipere
258 615 351 659 quod
360 614 498 649 docebat
511 611 658 649 [eremias
668 614 761 653 ‚ideo
778 616 898 649 attollit
915 627 1030 650 eorum
1048 617 1172 651 animos
1182 618 1222 651 ad
1237 618 1473 664 prouidentiam
1483 619 1564 657 Dei,
1580 628 1652 664 quae

82 675 151 697 non
162 663 258 698 debet
271 661 385 697 subiici
399 662 541 698 humano
558 663 688 710 ingenio
702 688 709 695 .
729 673 891 710 perperam
907 665 991 697 enim
1002 663 1147 699 homines
1161 676 1221 712 pro
1230 664 1316 700 iensu
1327 667 1428 699 carnis
1437 665 1498 700 suae
1508 668 1652 702 iudicant

84 711 124 753 de
133 713 276 759 potentia
285 710 367 751 Dei,
385 711 510 758 perinde
518 707 563 743 est
580 710 640 744 acsi
648 710 758 745 caelum
768 713 800 744 ἃ
813 722 928 747 terram
943 712 1059 747 vellent
1067 713 1191 760 pugillo
1200 713 1362 747 includere
1372 739 1379 745 .
1398 713 1486 747 Deus
1494 716 1553 762 ipse
1568 716 1659 755 dicit,

85 761 116 795 se
126 760 238 794 caelum
249 763 279 793 ὃ(
290 770 406 794 terram
416 770 526 806 capere
535 757 818 806 pugillo.h0mines
828 762 926 808 igitur
935 762 1013 795 dum
1022 762 1137 796 volunt
1144 773 1254 808 capere
1270 760 1335 794 Dei
1347 764 1521 807 potentiam
1532 788 1540 802 ,
1550 765 1657 809 perin-

87 809 127 843 de
136 808 178 843 est
187 807 248 843 acii
256 807 363 843 musca
371 807 464 842 vellet
481 818 596 842 vorare
604 818 715 840 omnes
724 818 866 843 montes.
885 810 1031 855 Corrigit
1039 822 1116 857 ergo
1125 807 1286 856 Propheta
1303 809 1389 844 illam
1400 811 1587 856 prauitatem
1598 835 1607 850 ,
1617 813 1656 846 ad

86 869 186 901 quam
196 867 309 891 natura
317 856 421 891 sumus
434 856 568 890 nimium
579 854 725 902 propensi
735 880 744 895 ,
759 856 836 890 dum
845 856 960 893 scilicet
971 857 1132 893 statuimus
1144 869 1203 904 pro
1215 868 1307 905 captu
1319 859 1432 891 mentis
1445 857 1561 892 nossrae
1577 860 1657 903 quid

86 903 180 939 Deus
190 904 224 939 sit
233 903 295 939 fa&
301 916 374 939 urus
381 904 461 944 ,aeli
471 906 615 949 potentia
624 906 691 938 eius
699 915 764 938 non
774 903 848 939 effer
855 906 993 940 infinita.
1008 905 1085 941 Haec
1095 909 1178 941 ratio
1187 904 1229 940 est
1239 918 1294 940 cur
1302 908 1386 940 dicat
1403 902 1563 953 Propheta
1572 930 1581 945 ‚
1591 909 1655 939 A-

82 956 181 1002 peruit
190 958 271 988 Deus
284 952 438 999 the-(hurum
447 952 546 998 situm:
561 952 676 986 deinde
686 954 823 999 ,protulit
835 954 902 989 inde
916 955 983 1002 'miste
996 958 1046 990 ἱνα
1056 954 1112 1000 sicae
1122 979 1131 995 ,
1140 965 1252 1001 nempe
1261 965 1296 989 ex
1316 953 1464 989 thesauro
1477 978 1486 994 ,
1497 966 1609 1002 nempe
1617 966 1655 989 ex

85 1003 213 1036 ratione
220 1001 274 1035 illa
285 1026 292 1038 ,
301 1012 372 1047 quae
382 1012 458 1035 tunc
465 1012 530 1035 erat
539 1001 863 1047 incomprehensibilis
871 1030 875 1036 ‚
890 1003 930 1036 Et
937 1004 1102 1038 subiicitur
1116 1004 1199 1038 ratio
1209 1025 1218 1042 ‚
1235 1001 1324 1047 Qa
1332 1015 1401 1051 opus
1409 1004 1458 1037 hoc
1467 1028 1476 1043 ,
1486 1005 1600 1047 inquit,
1609 1004 1656 1039 eff

88 1052 145 1086 Dei
158 1053 245 1085 vm'us
256 1060 263 1082 ι
274 1051 332 1084 Dei
341 1051 508 1085 exercituum
521 1052 553 1083 in
572 1059 649 1083 terra
666 1047 862 1086 Chaldaeorum
881 1077 888 1085 .
909 1050 976 1086 Hic
991 1050 1152 1099 Propheta
1168 1050 1306 1085 breuiter
1320 1052 1503 1086 sententiam
1523 1052 1657 1093 claudit,

89 1096 182 1143 quod
190 1097 307 1132 scilicet
317 1096 424 1131 fideles
434 1097 569 1130 debeant
578 1096 700 1143 placide
706 1099 866 1145 expee'tare
875 1100 953 1134 dum
963 1101 1088 1134 eueniat
1097 1099 1188 1146 quod
1198 1100 1434 1148 docuit‚nempe
1442 1101 1517 1145 quia
1529 1102 1574 1135 ef}
1584 1111 1652 1145 opus

88 1149 160 1181 Dei.
180 1145 257 1179 nihil
266 1156 370 1180 autem
378 1146 480 1190 magis
494 1142 672 1191 peruersum
682 1168 692 1184 ‚
707 1147 806 1190 quam
817 1147 964 1181 homines
973 1148 1053 1184 velle
1062 1149 1163 1182 metiri
1175 1146 1240 1181 Dei
1256 1150 1432 1194 potentiam
1443 1150 1578 1196 proprio
1587 1152 1654 1196 len-⁴

87 1193 124 1244 su
132 1218 142 1236 ,
152 1205 187 1230 vt
195 1195 315 1229 dietum
322 1191 385 1228 fuit
395 1219 402 1227 .
448 1191 617 1237 Sequitur.
626 1189 678 1225 sed
688 1204 751 1240 ego
759 1205 825 1227 non
836 1193 958 1241 poffern
975 1196 1143 1231 absoluere
1159 1207 1254 1230 nune„

712 1320 1017 1360 Pauca-rio.

161 1463 223 1502 Da
232 1456 436 1519 omnipotens
447 1459 550 1500 Deus·
559 1489 572 1509 ‚
591 1451 726 1520 quando
735 1453 885 1522 dignaris
898 1451 994 1500 nob&
1002 1453 1131 1500 iudicia
1139 1467 1199 1500 tua
1206 1454 1370 1516 aduersus
1381 1457 1657 1525 incredulosprw

90 1540 218 1593 ponere
228 1559 241 1578 ‚
266 1537 309 1569 vt
316 1541 380 1568 non
388 1522 518 1587 tannim
527 1538 706 1586 timeamus
723 1537 757 1584 re
771 1523 851 1589 ,βά
857 1518 1183 1591 ettkzms'ffemfizlutis
1201 1524 1333 1572 nofirae
1343 1528 1378 1572 in
1391 1539 1426 1571 te
1443 1529 1578 1574 reiicere
1588 1526 1658 1592 dis-

91 1587 210 1641 camus
221 1628 234 1647 ,
245 1590 332 1656 vrfic
337 1591 558 1658 proficimus
566 1594 601 1641 in
613 1591 678 1639 hac
691 1588 850 1656 doffri‘nq'
858 1629 876 1658 ι,
888 1590 933 1639 ne
945 1591 1276 1657 velfhcordesfimm
1299 1593 1346 1639 ad
1355 1609 1436 1640 tuaa-
1446 1598 1558 1641 mim
1567 1630 1580 1648 ,
1593 1597 1652 1643 vel

91 1655 411 1726 etiabetrepidemm
430 1663 467 1707 in
481 1656 644 1707 extremis
658 1660 789 1707 nostris
804 1655 903 1708 masia
921 1680 934 1706 .·
944 1660 1017 1726 sed
1023 1658 1074 1721 sic
1088 1659 1256 1726 discamus
1271 1664 1381 1708 oculos
1398 1663 1538 1709 nofbros
1554 1665 1600 1710 ad
1618 1678 1653 1711 te

93 1732 245 1777 aetollere
254 1765 267 1785 ,
284 1744 494 1795 vtperpetuo
511 1733 594 1777 vitae
610 1729 741 1775 nofbrae
754 1727 848 1793 curfit
861 1743 898 1777 te
914 1733 1107 1777 inuocemm
1124 1732 1159 1775 in
1179 1730 1328 1777 Chnfbo
1343 1730 1419 1796 Iefit
1435 1736 1582 1779 Domino
1595 1752 1656 1779 no·³

98 1798 191 1854 firo,
227 1805 352 1845 Amen.
1121 1799 1124 1803 “
1224 1799 1229 1809 ”
1366 1797 1368 1799 ’

135 1943 139 1945 -
155 1922 204 1960 26
271 1913 425 1962 Venite
435 1928 583 1962 contra
595 1930 688 1960 eam
699 1910 722 1958 εὶ
733 1912 817 1960 fine
827 1950 839 1970 ,
850 1914 1011 1980 aperite
1020 1911 1247 1981 apothecas
1263 1913 1353 1962 eius
1364 1952 1378 1972 ,
1389 1916 1548 1965 calcate
1563 1934 1660 1966 eam

93 1983 303 2050 tanquam
313 1980 794 2049 aceruos,&disperdite
805 2001 914 2042 eam,
923 2003 978 2032 ne
987 1981 1069 2032 smt
1088 1983 1127 2031 ei
1138 1982 1339 2051 reliquiae.

173 2130 295 2166 Iterum
303 2128 466 2178 Propheta
472 2130 629 2169 Persas‘&
636 2132 755 2167 Medos
764 2129 1068 2179 compellat,e6sque
1077 2130 1226 2167 hortatur
1238 2144 1271 2168 vt
1280 2136 1408 2168 'veniant
1416 2126 1508 2169 cotra
1517 2132 1663 2180 Babylo-

94 2193 191 2217 nem.
208 2181 344 2214 diximus
352 2190 458 2214 autem
468 2180 537 2217 heri
549 2180 724 2229 Prophetas
733 2180 836 2215 solere
850 2181 944 2226 loqui
960 2191 1023 2226 pro
1032 2182 1167 2227 imperio
1178 2203 1187 2220 ,
1195 2184 1352 2226 quoniam
1362 2181 1578 2217 sustinenrDei
1589 2194 1664 2228 per-

98 2230 212 2271 sonam
222 2254 230 2269 ‚
241 2231 273 2261 ὃ(
285 2229 419 2262 diximus
433 2228 531 2273 quam
550 2231 635 2264 vtilis
650 2230 685 2264 fit
695 2230 758 2263 haec
768 2228 925 2274 loquendi
943 2228 1069 2267 forma,
1085 2230 1160 2274 quia
1168 2231 1307 2264 mundus
1318 2238 1382 2265 non
1397 2230 1541 2277 agnoscit
1558 2228 1666 2263 Deum

98 2276 274 2315 efficaciter
284 2277 379 2323 loqui
389 2302 399 2310 .
415 2275 610 2325 Dicitigitur
619 2276 757 2326 primhm
769 2301 778 2317 ‚
789 2285 822 2315 V
822 2279 899 2313 enite
905 2287 1003 2312 contra
1010 2290 1072 2312 eam
1082 2278 1339 2326 ,deinde‚aperite
1345 2279 1492 2327 apothecas
1500 2281 1561 2314 eius
1570 2305 1577 2312 .
1588 2285 1668 2311 caut

99 2325 255 2375 significat
267 2326 420 2359 horreum
429 2349 439 2364 ,
450 2324 603 2373 significat
616 2327 753 2375 repolito
759 2328 839 2360 rium
857 2325 1027 2371 quodlibet
1037 2350 1044 2358 .
1062 2326 1136 2359 ideo
1154 2326 1286 2370 quidam
1305 2337 1432 2361 vertunt
1449 2328 1565 2362 horrea
1587 2353 1592 2358 .
1612 2327 1666 2361 sed

101 2376 250 2410 videntur
259 2374 437 2408 mihinimis
446 2374 630 2422 restringere
638 2376 701 2410 hoc
710 2387 830 2409 nomen
841 2392 849 2412 ‚-
858 2375 935 2419 quia
951 2372 1115 2420 Propheta
1123 2373 1270 2418 loquitur
1278 2375 1364 2411 haud
1380 2375 1480 2410 dubie
1488 2377 1526 2410 de
1537 2373 1665 2410 thesau-

102 2422 360 2470 r'isBabylonicis
370 2449 377 2456 .
396 2421 585 2470 Apothecas
599 2435 706 2459 autem
717 2421 947 2463 vocantGraeci
958 2422 1140 2468 repolitaria
1157 2434 1264 2457 rerum
1280 2426 1425 2457 omnium
1437 2435 1521 2462 ,non
1538 2421 1666 2457 tanthm

104 2467 173 2504 vini
182 2498 191 2511 ,
198 2474 230 2504 δε
239 2470 325 2511 olei,
334 2470 387 2504 sed
398 2471 550 2506 mercium
561 2495 571 2512 ,
580 2484 675 2518 atque
683 2473 776 2507 etiarn
787 2472 928 2519 pecuniae
937 2497 944 2504 .
954 2469 1133 2517 Apothecae
1142 2469 1213 2504 sunt
1221 2484 1301 2517 quas
1308 2470 1435 2506 Gallice
1443 2483 1598 2506 vocamus
1608 2478 1667 2507 Ar-

100 2518 337 2566 riere-bomiques
345 2543 354 2559 ‚
373 2521 546 2569 numagafins
558 2547 563 2554 .
580 2519 632 2555 sed
643 2521 707 2556 hoc
717 2532 838 2555 nomen
847 2522 942 2554 etiam
950 2519 1129 2554 extenditur
1137 2520 1179 2555 ad
1199 2521 1308 2554 vinum
1317 2545 1327 2560 ‚
1335 2521 1374 2554 ad
1383 2532 1479 2554 omne
1486 2532 1585 2568 genus
1597 2517 1667 2554 frit-

103 2568 220 2607 menti,
229 2567 342 2601 deinde
358 2568 399 2601 ad
414 2567 579 2603 thesauros
589 2571 646 2608 ,ad
655 2582 743 2604 arma
756 2570 850 2612 etiarn
861 2594 867 2601 .
878 2580 952 2602 nam
968 2566 1130 2615 apothecae
1139 2567 1212 2602 sunt
1220 2569 1407 2615 repositoria
1416 2579 1582 2602 armorum
1595 2591 1604 2607 ‚
1613 2579 1666 2601 ar-

103 2614 314 2651 mamentaria
323 2626 418 2649 omne
424 2627 522 2661 genus
531 2641 538 2649 .
556 2613 693 2652 Perinde
703 2618 799 2663 igitur
807 2615 854 2654 vest
862 2616 923 2651 acsi
931 2617 1048 2649 diceret
1054 2614 1202 2649 Ieremias
1209 2616 1287 2649 nihil
1305 2627 1369 2649 tam
1380 2613 1449 2648 fore
1458 2615 1662 2649 reconditum

103 2660 189 2712 a'pud
199 2662 371 2698 Chaldaeos
381 2685 390 2701 ,
404 2663 493 2708 quod
500 2675 567 2696 non
575 2677 628 2698 exc
634 2667 734 2698 utiant
740 2663 832 2697 Medi
839 2666 871 2695 &
880 2661 981 2697 Persae
988 2686 996 2694 .
1017 2661 1146 2696 Deinde
1160 2663 1320 2709 adiungit,
1337 2663 1449 2698 calcare
1457 2675 1518 2696 eam
1525 2670 1662 2709 tanquam

103 2717 228 2749 a'ceruos.
245 2709 340 2753 tvm&
351 2721 414 2750 non
424 2709 495 2744 sunt
502 2711 760 2758 aceruilapidum
770 2735 779 2751 ,
787 2711 838 2743 sed
847 2711 952 2756 potius
960 2709 1199 2756 manipulorum
1212 2735 1218 2742 .
1237 2709 1391 2756 fignificat
1399 2710 1499 2756 igitur
1512 2708 1621 2744 Persas
1630 2712 1663 2743 δε

102 2761 223 2796 Medos
231 2758 402 2794 crudeliter
409 2755 573 2798 saeuituros
581 2757 641 2793 effe
650 2783 658 2798 ‚
666 2759 940 2804 quemadmodum
955 2759 1122 2791 trituratur
1131 2755 1325 2792 frumentum
1335 2759 1365 2790 in
1381 2769 1469 2792 area.
1483 2755 1666 2796 Postremo,

106 2811 204 2848 dicit,
219 2805 385 2855 Disperdite
392 2820 452 2842 eam
461 2809 570 2853 ‚nefint
578 2810 605 2843 ei
613 2808 752 2856 reliquia.
769 2807 904 2841 Videtur
913 2804 1049 2849 oblique
1058 2817 1222 2853 opponere
1231 2807 1323 2850 quod
1333 2805 1421 2840 Deus
1428 2807 1589 2852 promittit
1601 2805 1633 2840 su
1641 2807 1666 2839 is

84 2874 94 2878 -
106 2854 227 2907 semper
234 2858 358 2902 aliquas
365 2854 436 2890 Fore
445 2855 593 2902 reliquias
602 2856 808 2894 [cilicendicit
817 2854 913 2901 igitur
921 2854 998 2888 nihil
1008 2851 1080 2888 fore
1089 2852 1215 2888 refidufi
1225 2853 1298 2888 chm
1308 2854 1503 2888 exeretDeus
1513 2853 1566 2888 sufa
1577 2854 1664 2888 vindi

108 2909 190 2942 &am
201 2917 316 2941 contra
325 2904 510 2940 Chaldaeos.
530 2904 660 2939 Summa
672 2904 729 2943 est,
739 2914 864 2951 poenam
874 2904 914 2937 de
923 2915 987 2948 qua
996 2901 1143 2947 loquitur
1162 2900 1324 2949 Propheta
1334 2927 1343 2943 ‚
1351 2903 1445 2936 talem
1455 2901 1527 2936 fore
1536 2913 1570 2936 vt
1581 2902 1664 2936 abo-

110 2948 173 2991 leat
181 2952 298 2991 nornen
307 2953 408 3000 ipsum
416 2951 615 2987 Monarchiae
625 2952 830 3000 Babylonicae
841 2977 848 2985 .
870 2949 946 2991 hoc,
956 2950 1231 2996 quemadmodum
1246 2950 1314 2984 herl
1331 2951 1467 2984 diximus
1476 2974 1485 2989 ,
1493 2953 1524 2983 &
1533 2950 1664 2985 antehae

110 2995 420 3050 e'tijriucompletum
431 2996 497 3035 non
514 2999 577 3036 fuit
592 3013 658 3034 vno
677 3002 742 3035 die·
763 2999 814 3033 sed
824 2998 882 3033 vbi
898 3000 1135 3033 concionantur
1146 2998 1311 3046 Prophetae
1330 2999 1499 3032 deiudiciis
1508 2997 1589 3037 Dei,
1600 3011 1665 3032 non

112 3049 280 3098 respiciunt
291 3050 417 3086 tanthm
439 3049 590 3097 praeludia
600 3073 609 3088 ‚
620 3048 672 3083 sed
687 3048 788 3083 verba
801 3047 856 3083 sua
871 3047 1043 3083 extendunt
1061 3046 1156 3094 vsque
1175 3048 1216 3082 ad
1225 3046 1372 3081 vltimum
1382 3047 1533 3081 iudicium
1546 3071 1556 3086 ,
1573 3048 1667 3093 quod

113 3110 223 3149 manet
230 3110 341 3135 omnes
347 3100 515 3148 reprobos.
527 3137 530 3140 ⁴
552 3097 652 3134 Nunc
663 3097 818 3150 sequitur,
836 3133 839 3136 ,
905 3094 907 3097 ”
