2180 3658
668 130 1140 184 miniterium.
1198 161 1205 175 ·
1592 147 1674 202 ω’,

208 220 382 266 Qoniam
397 217 527 252 videbat
547 216 731 254 Zedechias
746 218 907 268 populum
921 219 1026 256 adhuc
1046 232 1172 255 manere
1190 219 1220 254 in
1239 217 1354 258 officio
1363 217 1543 267 ‚spernebat
1561 218 1683 254 hostem

122 267 226 306 .suum
237 296 244 303 .
258 281 330 303 nam
340 278 441 312 quum
454 265 540 300 Vrbs
554 264 629 300 effet
643 267 737 302 valde
749 270 888 308 munita,
900 269 916 300 s
935 263 1045 303 erabat
1064 268 1094 302 se
1111 267 1200 316 posse
1219 269 1287 311 eam
1302 267 1530 316 aliquantisper
1545 266 1682 301 seruate:

123 319 208 352 -hinc
219 317 235 350 s
254 329 284 352 es
293 313 369 349 falla
385 313 586 348 liberationis
595 326 603 347 ε
612 316 689 360 quia
699 316 833 363 putabat
851 281 973 350 hossem
991 316 1160 365 postquam
1179 314 1328 364 fatigatus
1345 314 1421 352 effit
1433 317 1610 351 rediturum
1628 316 1671 361 iny

119 366 217 402 ‚Chal
241 373 318 399 aeam
328 389 334 395 .
343 363 495 409 deceptus
505 360 567 397 fuit
576 363 636 397 hac
647 366 801 412 opinione
810 391 818 398 .
830 364 870 399 Et
881 362 1043 411 Propheta
1062 366 1155 398 etiam
1168 364 1267 412 ipsum
1281 368 1426 400 cominus
1439 365 1583 412 aggredit
1591 363 1678 401 rm&

119 411 320 462 *pronuntiat
330 412 494 458 captiuum
506 407 626 445 fore.id
634 414 764 457 quidem
772 414 901 448 metitus
912 424 978 448 erat
988 410 1042 446 sua
1052 414 1276 459 ingratitudine
1288 412 1466 448 Zedechias
1482 439 1487 445 .
1502 411 1591 446 Nam
1603 404 1677 445 Na—

133 462 335 496 bucadnezer
343 457 686 507 subrogaueratipsum
694 463 726 494 in
736 460 845 495 locum
857 457 1069 508 nefiotis,ci1m
1079 459 1235 494 abducitis
1246 459 1308 495 fuit
1319 460 1443 496 [ozikim
1455 460 1674 508 Babylonem.

121 512 164 543 ’ἃ
177 509 302 555 Regem
312 516 484 541 creauerat:
495 506 603 556 postea
610 506 725 543 defecit
733 507 751 542 ὲ
761 520 834 556 rege
843 507 1042 555 Babylonio,
1051 509 1102 541 cui
1112 506 1208 542 fidem
1218 507 1302 542 suam
1314 523 1334 543 o
1341 509 1570 548 bssrinxetat,&
1580 510 1672 543 cuius

132 567 200 593 crat
215 555 421 591 tributarius.
440 554 546 602 Atqui
563 553 629 589 Pro
653 556 724 591 heta
741 568 807 590 non
822 556 950 604 respexit
966 557 1083 590 medias
1099 557 1167 590 istas
1176 556 1279 590 causas
1290 555 1360 595 ,sed
1377 558 1514 604 primum
1529 557 1669 596 fontem,

120 607 244 653 'nempe
252 601 344 650 quod
361 603 500 650 populus
509 615 575 638 non
592 569 870 640 destiteratscelera
880 604 996 639 addere
1009 603 1178 639 sceleribus
1187 603 1297 650 ‚quod
1313 602 1415 639 fuerat
1427 603 1554 652 prorsus
1568 607 1668 639 indo-

121 654 200 688 'cilis
210 677 220 691 ,
229 656 261 686 &
280 650 439 698 respuerat
457 664 567 686 omnes
583 651 820 701 promissiones:
837 653 952 687 deinde
964 665 1055 687 aures
1071 651 1224 687 clauserat
1241 653 1322 687 sanis
1341 653 1493 687 consiliis.
1506 652 1597 687 Deus
1614 664 1668 687 et-

132 713 178 749 go
189 700 261 736 cum
272 701 366 734 vellet
373 710 545 736 extremam
554 697 682 748 poenam
698 699 821 736 sumere
836 701 874 734 de
883 701 1007 748 populo
1016 712 1081 735 tam
1098 699 1248 748 peruetso
1265 704 1297 734 δε
1307 701 1473 749 desperato
1483 725 1491 740 ,
1499 703 1669 735 excaecauit

132 750 256 798 Regem
269 747 370 797 ipsum
379 749 671 794 ,quemadmodum
687 748 761 784 ante
769 750 905 783 diximus
914 772 923 787 ,
934 759 968 783 vt
978 747 1125 783 deficeret
1136 749 1153 782 :¹1
1166 748 1256 797 Rege
1266 749 1454 796 Babylonio
1466 771 1474 789 ‚
1484 752 1516 782 &
1530 747 1668 784 accerse-

131 810 180 835 ret
192 797 250 832 sibi
259 800 290 831 &
302 795 405 836 Vrbi,
415 800 447 830 &
456 799 516 832 toti
524 797 629 846 patria:
639 797 762 832 cladem
776 798 838 831 :ita
856 795 946 831 Deus
954 807 1108 844 temperat
1119 797 1373 843 mediascausas‚
1383 807 1455 844 quat
1463 796 1562 832 nobis
1570 799 1670 843 appa-

132 858 204 882 rent
214 870 222 886 ,
233 845 285 879 sed
294 844 390 880 habet
398 843 461 893 ipse
471 846 638 880 occultum
647 844 738 880 suum
747 844 916 880 consilium
926 847 1017 891 quod
1027 846 1193 891 exequitur
1207 855 1263 893 per
1275 846 1401 881 externa
1409 847 1530 881 media.
1542 844 1668 891 Dicitis

133 896 231 941 gitur,
240 900 285 928 'ru
293 907 347 928 non
355 891 519 930 liberaberis
526 899 542 927 ἐ
548 906 632 928 manu
640 897 712 932 eius,
722 896 789 941 quia
796 892 1289 941 comprehenderis,inquitzdeinde,
1301 894 1425 932 traderis
1430 898 1461 930 in
1471 908 1586 931 manum
1595 896 1667 928 eius.-

133 943 405 987 Potetatquidem
415 953 482 976 vno
499 940 602 976 verbo
612 942 782 988 complecti
798 942 889 988 quod
900 942 1044 990 pluribus
1055 942 1149 976 dicit:
1164 942 1214 977 sed
1228 941 1347 977 necesse
1364 941 1427 977 fuit
1435 953 1579 978 excutere
1598 939 1668 976 Re-

135 992 169 1041 gi
177 991 357 1026 socordiam
372 1012 382 1028 ‚
395 1001 460 1034 qua
470 1000 536 1024 erat
543 989 632 1035 quasi
639 990 812 1024 inebriatus
821 1014 832 1029 ,
841 1001 875 1024 vt
884 1003 916 1024 ex
944 989 1105 1037 ergefieret
1122 990 1160 1024 ad
1172 992 1343 1026 timendam
1357 1003 1484 1039 poenam
1494 1001 1562 1037 quae
1571 991 1670 1032 insta-r

134 1040 191 1075 bat
201 1063 211 1079 ‚
221 1039 312 1085 quod
320 1048 427 1071 tamen
437 1035 555 1071 fafitum
565 1049 630 1071 non
640 1036 698 1071 est:
708 1038 758 1071 sed
766 1039 908 1072 redditus
917 1003 978 1073 fuit
985 1039 1085 1086 magis
1093 1039 1319 1074 inexcusabilis.
1328 1038 1376 1074 Ita
1387 1039 1570 1085 niinie,quas
1579 1037 1668 1082 Deus

134 1100 191 1137 per
201 1088 309 1124 seruos
317 1086 393 1122 suos
401 1087 589 1135 ingeminat,
597 1098 762 1132 nunquam
772 1087 843 1121 sunt
852 1089 978 1123 inutiles
990 1090 1080 1135 zquia
1091 1087 1111 1121 sl
1122 1088 1218 1123 surdae
1229 1089 1287 1124 fint
1297 1103 1387 1124 aures
1402 1101 1516 1125 eorum
1533 1092 1591 1135 q'ui
1605 1088 1669 1124 ob-

133 1139 312 1185 jurgantur,
321 1147 425 1170 tamen
435 1136 528 1181 quod
539 1135 630 1169 Deus
639 1136 864 1182 pronuntiauit
873 1138 955 1179 cedit
964 1136 1024 1169 illis
1038 1139 1070 1169 in
1080 1136 1344 1177 testimonium,vt
1358 1139 1492 1172 tollatur
1503 1139 1607 1173 omnis
1615 1149 1668 1173 ex-

134 1185 256 1220 cusatio
265 1183 453 1232 ignorantia:
464 1210 471 1217 .
482 1182 574 1218 Dicit
582 1182 689 1230 postea
699 1207 707 1222 ,
716 1182 797 1218 Oculi
803 1185 847 1218 ‘tut'
858 1182 992 1218 videbunt
1006 1184 1092 1217 oculos
1100 1188 1174 1231 regis
1184 1185 1348 1229 Babylonis.
1364 1188 1456 1231 quod
1475 1183 1594 1220 factum
1611 1185 1667 1225 est,

132 1231 185 1268 sed
194 1232 302 1280 postea
311 1233 392 1266 eruti
404 1230 476 1267 sunt
485 1234 553 1266 eius
563 1230 668 1266 oculi.
679 1230 846 1276 Fuitenim
861 1230 975 1279 infigni
989 1232 1168 1277 ignominia
1185 1243 1316 1267 notatus
1325 1257 1333 1272 ,
1341 1235 1417 1278 quia
1433 1236 1550 1268 traaas
1566 1232 1626 1268 fuit
1635 1234 1669 1267 in

110 1312 112 1315 ,
135 1281 370 1323 Reblatha,vbi
379 1283 489 1331 capitis
498 1280 622 1316 causam
632 1282 710 1316 dixit
723 1280 820 1314 .Non
835 1279 1067 1328 habitu'sigitu'r
1077 1280 1205 1316 estloco
1216 1280 1316 1328 Regis
1329 1306 1337 1320 ‚
1346 1295 1448 1328 neque
1462 1284 1562 1317 vllum
1577 1281 1670 1318 vesti-

133 1331 222 1378 gium
233 1331 362 1365 retinuit
371 1330 502 1377 pristinae
518 1329 683 1377 dignitatis
692 1343 699 1364 ι
707 1329 757 1365 sed
767 1330 883 1365 tractus
902 1327 964 1364 fuit
972 1327 1162 1368 adtribunal
1178 1331 1258 1377 regis
1268 1329 1604 1377 Babyloniitanquam
1621 1331 1669 1365 la-

131 1389 186 1413 tro
196 1378 266 1419 ,vel
275 1377 442 1414 sceleratus
450 1377 606 1424 quispiam
617 1405 624 1412 .
637 1377 765 1413 Deinde
775 1376 951 1426 postquam
962 1372 1130 1412 conuiuas
1145 1374 1450 1427 fuitingratitudinis
1466 1381 1497 1411 δι
1516 1377 1666 1426 perfidiae;

110 1462 112 1464 ,
131 1439 184 1463 tex
195 1427 367 1463 Chaldaeus
375 1428 461 1462 iussit
467 1426 553 1461 fil-ios
562 1428 628 1462 eius
638 1428 815 1475 iugulariin
831 1429 897 1467 eius
905 1427 1075 1475 conspectu
1084 1451 1094 1466 ,
1103 1426 1134 1461 ἁ
1146 1431 1257 1473 omncs
1268 1431 1335 1464 eius
1347 1424 1499 1464 proceres
1509 1452 1518 1466 2
1526 1443 1562 1466 ac
1572 1429 1667 1463 Con-

131 1475 309 1515 fluuios&
315 1477 445 1521 tandem
455 1475 568 1510 vinciri
577 1476 731 1516 cathenis,
739 1480 770 1510 δε
785 1477 854 1512 erui
862 1477 909 1510 illi
917 1476 1051 1518 oculos:
1062 1479 1092 1508 ἀ
1102 1475 1196 1513 traxit
1204 1471 1404 1525 Babylonem
1413 1491 1421 1511 s
1433 1474 1616 1528 Fuitwigitur
1626 1472 1668 1514 iiss
1689 1491 1693 1495 ·

133 1525 165 1570 la
180 1524 342 1559 saeuisfima
356 1536 452 1572 poena
468 1535 568 1570 quam
579 1525 717 1559 exercuit
735 1537 788 1559 rex
804 1524 1005 1572 Babylonius
1015 1524 1167 1572 ,aduersus
1184 1519 1380 1561 ch'ecliiam
1390 1553 1397 1559 .
1410 1526 1452 1560 Et
1470 1527 1594 1562 videtur
1612 1527 1669 1561 hic

132 1571 297 1624 Propheta
307 1573 441 1619 oblique
449 1573 652 1622 perstringere
666 1576 758 1621 quod
767 1573 901 1615 accidit,
913 1576 999 1621 Oculi
1008 1578 1052 1611 tui
1062 1599 1071 1615 ‚
1080 1577 1185 1622 inquit
1198 1601 1206 1615 ‚
1215 1575 1352 1623 videbunt
1360 1576 1448 1612 acidos
1459 1579 1531 1625 regis
1547 1571 1668 1620 Rabylo-

131 1622 179 1656 m‘i
190 1650 196 1657 .
207 1623 351 1658 Coaaus
359 1621 403 1658 est
411 1625 495 1657 enim
505 1623 640 1671 aspicere
648 1624 753 1659 oculis
760 1623 1095 1672 superbumvietorem
1105 1636 1112 1656 :
1122 1625 1235 1658 deinde
1244 1625 1333 1658 oculi
1347 1627 1430 1659 eruti
1444 1625 1461 1656 s
1460 1637 1515 1659 unt
1526 1638 1533 1658 ι
1545 1627 1623 1660 vidit
1633 1637 1668 1658 e-

133 1671 213 1708 tiarn
233 1673 352 1708 liberos
367 1671 442 1707 suos
451 1672 590 1720 iugulari
600 1699 607 1706 .
625 1672 748 1713 Addit,
758 1669 835 1708 Eros
843 1675 907 1715 eins
915 1670 950 1708 lo'
962 1685 1041 1716 uetur
1055 1672 1097 1708 ad
1101 1687 1130 1708 os
1139 1685 1216 1708 tuum
1225 1698 1234 1713 ‚
1244 1673 1306 1708 hoc
1316 1675 1358 1717 est
1369 1675 1532 1714 ,audicsin
1546 1687 1576 1710 te
1587 1677 1668 1723 pto'·

130 1716 212 1759 ferri
219 1734 364 1758 atrocem
373 1722 570 1762 sententiam,
577 1720 748 1769 postquam
760 1724 926 1758 conuictus
950 1721 1168 1771 ueriscapitali
1177 1720 1296 1759 iudicio
1304 1748 1313 1764 ‚
1324 1724 1393 1759 Rex
1404 1725 1466 1772 ipse
1476 1737 1594 1770 quanta
1604 1732 1668 1772 po·

132 1773 208 1806 terit
215 1771 412 1806 contumelia
421 1782 450 1806 te
458 1771 599 1804 deiiciet.
613 1765 689 1805 Hoc
699 1776 804 1807 autem
815 1772 913 1819 longe
930 1773 1041 1806 du'rius
1050 1772 1091 1805 est
1101 1795 1110 1811 ‚
1119 1772 1217 1818 quam
1229 1772 1249 1806 si
1261 1771 1438 1807 Zedechias
1447 1774 1478 1806 in
1488 1774 1599 1819 aliquo
1607 1779 1666 1808 an·

132 1822 213 1870 gulo
222 1818 577 1868 fuiffetiugulatu52sed
591 1820 1065 1858 tractusfnitinlucemzdeinde
1073 1821 1168 1866 subiit
1190 1822 1456 1857 multostermtes
1474 1822 1547 1857 cum
1557 1823 1663 1857 addu-

134 1872 204 1905 &us
213 1869 311 1905 fuitin
318 1871 520 1919 ‘conspectum
529 1868 629 1904 hostis
637 1869 699 1905 sui:
712 1869 788 1906 Haec
797 1873 891 1919 igitur
908 1883 1142 1907 commemorat
1158 1869 1322 1920 Propheta
1331 1895 1340 1913 ‚
1350 1882 1384 1907 vt
1392 1872 1550 1920 intelligat
1560 1869 1669 1914 chef

133 1922 219 1958 chias
227 1921 256 1959 se
263 1919 380 1958 frustra
390 1919 514 1956 Vrbem
523 1921 695 1968 tueri‚quia
701 1919 824 1956 infoelix
833 1923 958 1957 tandem
967 1922 1026 1957 erit
1033 1924 1143 1957 exitus.
1182 1920 1295 1958 Postea
1302 1922 1441 1963 subiicit,

191 2083 224 2129 4
280 2073 448 2116 Tamen
460 2060 563 2114 audi
574 2060 813 2117 sermonem
825 2061 991 2119 lehouae'
1001 2062 1211 2130 zedechia
1222 2086 1292 2118 rex
1304 2059 1500 2118 Iehudah
1510 2087 1520 2114 .·
1532 2063 1586 2116 fic
1599 2056 1666 2133 (Ῑίή

136 2145 191 2195 cit
201 2143 391 2196 Iehouah
402 2141 457 2199 de
469 2152 625 2202 te,Non
634 2145 832 2193 morieris
846 2145 1011 2214 gladim

196 2332 214 2372 5
284 2318 333 2359 In
353 2329 458 2378 pace
475 2309 695 2370 morieris,
715 2303 760 2359 δὲ
778 2300 1147 2360 combustionibus
1167 2318 1343 2377 patrum
1367 2319 1544 2360 tuorum
1564 2319 1658 2361 Re'-

137 2404 242 2456 gum
260 2384 636 2457 superiorum‚qui
654 2388 833 2437 fuerunt
851 2408 954 2438 ante
966 2408 1028 2446 te,
1043 2387 1097 2437 fic
1113 2391 1374 2439 comburent
1398 2407 1439 2438 te
1451 2426 1464 2447 ‚
1484 2395 1664 2445 &fleus

138 2458 337 2514 domine,
347 2459 555 2527 plangent
573 2460 617 2508 su
619 2479 696 2528 per
708 2478 760 2511 te:
769 2461 874 2528 quia
887 2461 910 2510 s
907 2480 1130 2520 ermonem
1150 2479 1230 2529 ego
1241 2463 1450 2531 loquutus
1462 2466 1578 2520 sum,
1590 2462 1667 2510 cli-

138 2536 195 2584 cit
209 2535 409 2586 lehouah.
1162 2531 1169 2541 ’

207 2699 274 2735 Hac
283 2700 430 2748 adiungit
436 2700 582 2737 Ieremias
591 2701 712 2747 aliquid
729 2691 833 2737 solatii
840 2701 947 2747 ,quod
960 2700 1078 2736 scilicet
1087 2697 1269 2738 ‘Zedech'ias
1277 2702 1340 2750 ipse
1348 2714 1417 2737 non
1427 2704 1594 2743 occidetur
1602 2705 1671 2751 gla-

134 2753 203 2793 dio,
212 2751 265 2787 sed
275 2753 306 2785 in
316 2754 400 2787 lecto
407 2755 462 2787 suo
471 2755 626 2788 morietur
634 2776 644 2792 ,
656 2757 686 2787 &
695 2752 767 2789 fato
778 2752 838 2787 suo
846 2753 1049 2790 concedet‚vt
1059 2752 1160 2800 vulgo
1169 2753 1289 2792 dicunt.
1296 2752 1371 2789 Fuit
1378 2764 1482 2788 autem
1491 2755 1556 2791 haec
1564 2753 1673 2800 aliqua

134 2812 237 2851 poenae
245 2802 415 2849 mitigatio,
423 2801 514 2849 quod
525 2801 615 2837 Deus
624 2805 779 2850 protraxit
786 2803 850 2837 eius
860 2803 970 2841 vitam,
977 2803 1081 2846 neq‘ue
1090 2801 1195 2850 passus
1203 2802 1245 2837 est
1253 2803 1355 2851 ipsum
1367 2802 1470 2838 statim
1479 2804 1587 2851 gladio
1599 2802 1672 2838 feri·

135 2854 219 2888 ri.Et
225 2863 332 2888 tamen
341 2854 362 2887 sl
372 2855 574 2901 expendimus
585 2865 694 2887 omncs
702 2852 1053 2892 circunstantias‚leuius
1063 2850 1124 2888 fuit
1131 2852 1224 2900 semel
1234 2853 1329 2888 obite
1336 2852 1584 2899 mortemquam
1593 2860 1672 2901 pross

135 2904 246 2950 togati
253 2902 312 2938 hac
330 2904 397 2951 lege
411 2905 522 2943 vitam,
529 2914 564 2937 vt
573 2903 744 2947 tabesceret
754 2906 786 2937 in
792 2903 952 2937 continuis
963 2904 1091 2937 miseriis
1100 2929 1107 2936 .
1119 2901 1245 2938 Scimus
1253 2903 1309 2938 vbi
1318 2905 1400 2939 eruti
1407 2903 1477 2937 sunt
1485 2903 1583 2943 oculi,
1593 2914 1673 2951 prae-

135 2956 263 3003 eipuani
274 2956 345 2990 vitae
356 2965 477 3002 partem
485 2950 627 2989 amissam
636 2951 696 2989 csse
705 2979 712 2988 .
729 2951 815 2989 Cum
830 2953 930 3003 igitur
939 2950 1058 2988 inflicta
1066 2951 1127 2988 fuit
1137 2949 1307 2990 Zedechiae
1315 2954 1381 2989 haec
1391 2965 1496 3002 poena,
1508 2966 1618 2989 annon
1631 2966 1670 3002 οῗ

824 3021 832 3027 ·
1358 3003 1419 3037 Aa.
1457 3002 1492 3037 ii.
