2180 3658
263 248 501 291 CARVH.
869 234 1710 273 10.CAL.PR·AELECT10NES

450 309 560 359 potius
570 307 652 342 velle
659 305 748 351 sequi
757 304 946 351 prauitatem
954 301 1063 335 cordis
1070 296 1182 340 nostri,
1190 299 1289 346 quam
1305 298 1382 333 Deo
1391 300 1625 346 obtemperare,
1633 298 1689 333 vbi
1700 299 1783 333 viam
1792 297 1900 333 salutis
1907 298 1995 345 quasi
2003 301 2052 335 di.

451 359 521 407 gito
530 356 626 392 nobis
634 350 1012 394 demonstratNotemus
1021 350 1128 389 ctiam,
1136 348 1213 382 nihil
1224 348 1320 383 nobis
1330 347 1475 395 prodeffe
1484 347 1556 382 cum
1566 350 1714 382 videmur
1726 347 1821 381 nobis
1830 348 1953 394 optime
1963 348 2052 397 sape-

450 409 531 444 re,&
543 403 616 439 cilm
625 401 845 449 applaudimus
854 399 988 432 nobisin
1005 396 1113 432 nostra
1121 396 1250 431 stultitia
1263 424 1269 430 .
1280 396 1372 431 Deus
1384 398 1467 431 enim
1482 395 1537 430 hic
1547 396 1736 444 pronuntiat
1752 408 1796 429 cor
1810 396 1931 441 nostrum
1947 400 2051 433 malum

452 451 645 499 gffbdimulac
657 448 852 483 defleffimus
863 447 881 481 ὲ
892 458 977 494 puro
986 447 1050 480 eius
1058 446 1162 481 verbo
1174 473 1179 479 .
1189 445 1346 492 Dicitfinffi
1352 445 1422 480 rem}
1430 459 1467 484 (5-
1477 459 1532 479 non
1538 443 1623 479 antb:
1634 457 1699 490 qua
1713 443 1880 478 locutione
1896 444 2051 492 fignificat

454 501 578 535 Iudaeos
586 509 634 533 ter
658 511 712 532 um
723 494 897 531 obuertiffe
907 519 916 534 ,
926 497 1010 529 nead
1020 494 1121 543 ipsum
1131 495 1181 528 vel
1196 493 1386 542 respicerent
1395 518 1404 533 ,
1413 494 1462 528 vel
1481 494 1644 527 tenderent
1656 520 1661 525 .
1673 492 1763 526 Nam
1776 491 1797 526 si
1807 493 1879 537 quis
1895 492 1925 526 se
1936 495 2052 529 ducem

453 550 514 582 viae
523 547 620 582 nobis
629 510 701 580 ἕως
711 547 883 594 promittit,
893 544 995 577 statim
1005 545 1262 579 conuertimusin
1271 555 1345 577 eum
1354 541 1504 576 oculoszli
1513 542 1586 576 aute
1597 540 1691 588 tergt‘i
1703 541 1918 581 obuertimus‚
1929 541 2052 589 {ignum

454 596 498 632 est
514 606 725 643 contemptus.
737 593 777 627 Et
785 595 829 627 ita
838 593 930 627 Deus
939 593 1149 638 conqueritur
1159 590 1188 626 se
1200 588 1293 625 fuisse
1301 588 1481 638 despectum
1490 592 1508 623 ὲ
1519 590 1644 638 populo
1657 588 1716 623 suo
1726 613 1735 629 ,
1744 587 1838 635 quod
1849 601 1916 623 non
1926 589 2052 624 tantum

453 643 541 680 surdi
548 641 667 679 fuerint
676 644 716 678 ad
726 643 904 676 dofihinam
915 641 1180 688 propheticam&
1191 640 1429 673 admonitiones
1438 663 1447 678 ‚
1456 637 1509 672 sed
1517 640 1612 673 etiam
1620 639 1654 670 in
1666 637 1730 684 sign
1736 651 1788 671 um
1799 639 1966 672 deterioris
1981 651 2055 685 per-

451 694 575 729 tinacia:
585 692 803 727 conuerterint
812 690 919 724 vultus
928 688 1040 723 suosin
1048 686 1205 722 diuersam
1212 688 1390 734 partem,ita
1399 697 1434 721 vt
1442 685 1543 734 ipsum
1551 686 1778 731 relinquerent,
1787 690 1818 719 δε
1830 686 1920 732 quasi
1927 685 2053 722 iuberet

456 754 531 777 eum
540 738 691 776 faceffere
702 766 707 774 .
719 740 782 773 hoc
794 739 876 773 valet
885 737 1041 786 postrema
1051 737 1187 771 locutio.
1221 734 1301 769 Cras
1311 736 1564 783 progrediemur.

1139 831 1376 869 Passcn’no.

519 947 579 985 Da
587 940 794 1002 omnipotens
805 933 1057 999 Deus,quando
1067 931 1166 979 hodie
1175 934 1285 1000 magis
1295 927 1419 995 liquid&
1428 928 1720 998 nohispatcftczsti
1730 932 1935 978 voluntatem
1947 946 2055 989 tuam,

456 1005 559 1073 qusint
570 1020 611 1052 vt
619 1018 813 1069 praetextus·
824 1006 1021 1072 ignorantia?
1041 1015 1178 1048 maneat
1185 1036 1199 1056 ,
1210 1015 1250 1047 vt
1258 1019 1299 1045 eo
1308 996 1479 1046 lzbentiofe
1488 1003 1598 1045 animo
1607 1036 1620 1055 ,
1630 1018 1669 1046 :ac
1681 999 1897 1066 properfiore
1915 1019 1976 1047 nos
1993 1001 2055 1049 tihi
2111 1052 2116 1058 ,

445 1074 679 1139 ficbiz'cz‘amm:
690 1090 796 1138 neque
803 1067 936 1120 tannim
942 1069 1162 1136 praebeamus
1173 1067 1235 1116 nbi
1245 1063 1416 1130 auressed
1423 1067 1581 1130 itafimm
1598 1068 1658 1114 nbi
1674 1073 1755 1116 toris
1771 1071 1893 1116 animis
1910 1069 2057 1126 ademi,

458 1157 501 1190 vt·
513 1142 595 1189 nihil
603 1142 697 1188 aliud
704 1157 877 1207 optemm,
888 1143 991 1206 qucim
998 1138 1060 1186 tibi
1069 1154 1174 1185 totam
1185 1141 1292 1184 vitam
1301 1136 1458 1183 nostram
1464 1135 1610 1201 probare
1622 1174 1631 1182 .
1642 1143 1687 1184 Et
1693 1142 1849 1202 quoniam
1859 1157 1925 1184 non
1926 1135 2056 1207 possu-

460 1229 534 1257 mus
546 1210 611 1275 nz'fi
616 1210 725 1271 nostra
735 1206 940 1278 peruicitcia,
947 1223 998 1263 ω’
1010 1209 1139 1255 malitia
1153 1205 1336 1267 deflefflere
1347 1205 1371 1250 ἂ
1381 1204 1477 1251 resto
1485 1204 1597 1271 cufficj
1608 1210 1658 1252 ι’τα
1666 1206 1959 1272 nobcspraeluceas
1968 1210 2058 1273 Spi-

462 1279 725 1345 ritupmdcntiae
739 1294 791 1334 (φ
802 1279 1027 1346 intelligentiae
1040 1314 1054 1333 ‚
1066 1275 1305 1337 vtfludeamus
1317 1272 1477 1337 ampleffi
1488 1275 1645 1338 quicquid
1657 1274 1752 1323 nobis
1765 1273 1985 1340 praefm'bere
1994 1276 2058 1323 di-

456 1363 584 1418 gnatus
593 1368 630 1395 es
639 1348 743 1396 verbo
751 1343 1283 1414 tuotqudscilicetperaffostadio
1288 1342 1385 1389 buius
1399 1346 1483 1389 vitae
1491 1374 1505 1394 ‚
1516 1344 1652 1390 tamdem
1663 1346 1904 1408 perueniamus
1921 1344 1969 1391 ad
1977 1364 2060 1392 me-

423 1454 425 1457 .
467 1421 588 1473 camstn
598 1414 1056 1483 quaperczpiamusftufflum
1065 1412 1181 1474 nost-rae
1189 1412 1521 1476 obedientiae,ncmpe
1530 1426 1573 1459 vt
1567 1413 1734 1478 fruamur
1740 1428 1866 1461 aetema
1874 1413 1932 1460 illa
1940 1413 2060 1461 haerc-

468 1487 696 1552 &aequam
706 1486 801 1534 nobbs
811 1483 981 1551 acquzfiuit
988 1482 1278 1552 vntgenitusfilius
1289 1495 1365 1527 tuus
1362 1478 1529 1548 fhnguine
1528 1479 1610 1545 suo,
1623 1488 1745 1529 Amen.
2059 1478 2063 1481 ’

498 1625 543 1664 25
613 1604 679 1651 Ab
690 1610 741 1650 eo
754 1601 826 1650 die
838 1620 928 1669 quo
939 1597 1100 1668 aegresfi
1121 1596 1220 1646 suut
1230 1614 1374 1663 patres
1394 1595 1556 1646 vestrie
1574 1614 1688 1646 terra
1712 1600 1906 1668 AEgypti
1928 1597 2061 1666 Vsque

455 1670 520 1719 ad
531 1670 648 1720 diem
661 1672 778 1719 hunc
791 1669 884 1718 misi
897 1668 954 1717 ad
967 1688 1041 1719 vos
1053 1687 1203 1716 omnes
1215 1666 1359 1714 seruos
1370 1685 1488 1714 meos
1500 1666 1949 1736 Prophetas‚quotidie
1962 1686 2062 1717 ma·-⁷

465 1759 519 1788 ne
530 1739 818 1808 surgendo‚&
831 1737 1065 1787 mittendo.
2042 1774 2043 1777 ,

496 1824 547 1857 26
604 1817 653 1857 Et
665 1829 754 1856 non
769 1807 1002 1856 audierunt
1013 1826 1096 1864 me,
1109 1812 1152 1852 &
1168 1823 1254 1852 non
1266 1802 1529 1852 inclinarunt
1543 1823 1687 1852 aurem
1699 1803 1827 1854 suam:
1839 1814 1884 1854 &
1894 1806 2064 1875 ,profi-d,

464 1896 493 1924 0
503 1876 595 1925 bdu
602 1897 700 1925 raru
707 1896 753 1926 nt
764 1877 979 1925 ceruicem
991 1875 1016 1922 s
1012 1894 1127 1932 uam,
1131 1871 1333 1941 peruerse
1345 1890 1524 1940 egerunt
1535 1892 1621 1939 prae
1632 1875 1832 1940 patribus
1844 1876 1940 1924 suis.

539 1992 574 2026 O
584 2006 606 2028 N
616 2006 670 2040 Q
678 2006 694 2028 ε
705 2007 728 2030 R
741 2007 751 2027 1
761 2007 781 2028 τ
790 2006 809 2027 ν
817 2008 840 2030 R
863 1993 954 2027 Deus
968 1993 1008 2025 de
1018 1992 1178 2026 obstinata
1193 1991 1313 2025 malitia
1323 1990 1454 2038 populi,
1468 1988 1561 2036 quod
1573 2002 1640 2024 non
1656 1989 1856 2027 vnotantiim
1865 1990 1974 2027 seculo
1990 2004 2068 2041 per-

464 2003 524 2076 C
537 2043 654 2077 diderit
661 2055 861 2090 operam‚eos
871 2042 912 2076 ad
919 2039 1161 2088 resipiscentiam
1170 2038 1364 2074 vocfidozied
1372 2040 1516 2087 patribus
1524 2041 1557 2072 in
1566 2040 1673 2074 eadem
1683 2041 1839 2088 prauitate
1847 2039 2068 2077 filiisucceffe·

467 2095 532 2126 rint
543 2102 656 2137 :atque
667 2093 710 2126 ita
720 2093 875 2126 continua
890 2087 988 2123 fuerit
1005 2090 1159 2123 imitatio.
1178 2086 1288 2122 Poss'et
1303 2090 1434 2134 quidem
1450 2088 1514 2122 hoc
1529 2087 1633 2122 valere
1647 2090 1678 2122 in
1695 2087 1828 2136 speciem
1840 2090 1882 2124 ad
1895 2100 2068 2126 extenuan-

469 2141 544 2174 dam
560 2141 705 2188 culpam,
722 2139 999 2185 quemadmodum
1012 2137 1109 2171 hodie
1118 2135 1250 2185 Papistae
1266 2138 1392 2171 nullum
1415 2136 1533 2171 habent
1556 2138 1658 2183 magis
1671 2135 1848 2185 speciosum
1869 2149 2068 2186 praetextum,

469 2187 571 2235 qudm
581 2189 660 2222 dum
669 2188 830 2222 obiiciunt
838 2186 933 2220 nobis
943 2184 1071 2226 Patres,
1088 2189 1119 2219 &
1133 2187 1373 2231 antiquitatem.
1392 2184 1454 2219 Sed
1471 2184 1562 2219 Deus
1579 2184 1951 2226 hocloc0,&fimilibus
1960 2185 2069 2222 osten-

470 2238 519 2271 dit
535 2249 602 2270 non
616 2235 756 2271 excusari
770 2235 856 2269 filios
870 2233 1004 2269 Patrum
1019 2234 1184 2281 exemplis,
1197 2235 1276 2280 quin
1295 2235 1401 2282 potius
1421 2234 1591 2282 aggrauari
1604 2236 1742 2275 crimen,
1755 2235 1835 2269 dum
1849 2236 1894 2270 ita
1908 2233 2070 2271 obdures-

472 2294 550 2319 cunt
565 2286 711 2319 homines
722 2308 731 2324 ,
748 2296 784 2319 vt
802 2283 919 2320 scilicet
933 2293 1046 2331 putent
1059 2283 1164 2317 valere
1177 2284 1218 2318 ad
1235 2284 1456 2330 praeiudicium
1469 2283 1562 2328 quod
1577 2283 1728 2317 diuturna
1742 2279 1806 2317 fuit
1823 2285 1979 2319 vitiorum
1993 2282 2070 2331 pos·-

471 2331 582 2366 sessm.
604 2332 696 2367 Deus
704 2344 810 2367 autem
826 2345 894 2366 non
912 2334 955 2365 ita
969 2333 1090 2378 patitur
1104 2330 1133 2365 se
1144 2332 1212 2365 iure
1219 2329 1277 2365 suo
1287 2332 1380 2366 deiici
1390 2358 1396 2364 .
1408 2331 1498 2378 Ergo
1513 2332 1674 2367 notandus
1683 2330 1726 2366 est
1735 2331 1787 2366 hic
1800 2331 1895 2366 locus
1905 2332 1962 2367 vbi
1976 2332 2069 2368 Deus

473 2392 542 2416 non
552 2382 677 2414 tantum
685 2393 740 2415 eos
748 2380 889 2420 accusat,
903 2381 1044 2425 quitunc
1061 2378 1273 2418 viuebant‚&
1288 2392 1374 2424 quos
1385 2379 1532 2414 Ieremias
1549 2379 1795 2425 alloquebatur,
1807 2376 1861 2415 sed
1876 2381 1973 2416 etiarn
1988 2393 2071 2416 con-

474 2430 580 2476 iungit
592 2429 654 2463 illis
664 2440 825 2468 mortuos,
835 2439 870 2463 vt
885 2428 1061 2462 conuincat
1077 2428 1206 2461 maioris
1220 2428 1405 2474 peruicaciae
1416 2451 1426 2467 ‚
1439 2428 1597 2473 quoniam
1615 2428 1657 2462 ita
1674 2425 1772 2463 fuerit
1784 2428 1874 2476 quafi
1885 2441 1942 2477 per
1955 2441 2072 2465 manus

473 2478 591 2512 tradita
604 2478 747 2525 impietas
759 2505 764 2511 .
782 2483 831 2512 Ex
839 2491 893 2525 quo
901 2475 1065 2522 dit-,inquit
1073 2499 1083 2515 ,
1094 2475 1201 2511 Patres
1209 2476 1296 2523 vestri
1304 2479 1431 2511 exierunt
1440 2481 1455 2509 ὲ
1464 2488 1544 2512 terra
1554 2484 1581 2508 »Λ
1587 2481 1612 2510 E
1612 2479 1696 2525 gypti
1703 2478 1790 2525 “nsque
1797 2476 1838 2512 ad
1850 2478 1923 2514 hanc
1931 2477 2003 2514 diem
2009 2479 2071 2514 mi-

468 2524 492 2571 fi
507 2525 547 2560 ad
560 2537 626 2565 ros,
641 2529 672 2558 &
683 2536 810 2561 caetera.
826 2525 952 2559 Scimus
965 2523 1066 2570 qudm
1080 2524 1286 2558 intra&abilis
1299 2522 1397 2558 fuerit
1414 2524 1554 2572 populus
1568 2524 1672 2559 statim
1690 2524 1732 2560 ab
1748 2527 1842 2560 initio
1855 2554 1862 2560 .
1878 2540 1952 2562 nam
1964 2539 2071 2573 quan-

475 2571 548 2609 tum
556 2575 588 2608 in
605 2574 635 2608 se
648 2571 711 2607 fuit
718 2598 727 2614 ‚
740 2576 847 2609 reiecit
855 2572 969 2607 Mosen
980 2583 1045 2607 tam
1055 2572 1210 2620 pioeclarae
1218 2576 1248 2605 &
1259 2572 1520 2620 incomparabilis
1529 2574 1634 2620 gratiae
1643 2573 1820 2609 ministrum
1829 2601 1836 2609 .
1855 2574 1985 2611 Deinde
1993 2574 2069 2610 cum

475 2619 551 2658 effet
573 2621 728 2656 liberatus
743 2646 752 2661 ,
773 2622 902 2670 singulis
917 2618 985 2656 fere
1001 2622 1172 2655 momentis
1187 2620 1237 2655 vel
1253 2618 1398 2655 fremitus
1413 2619 1486 2655 suos
1494 2622 1594 2656 edidit
1613 2632 1728 2656 contra
1748 2621 1857 2658 Deum
1870 2647 1879 2663 ,
1896 2623 1947 2658 vel
1962 2624 2069 2672 palam

475 2669 692 2705 tumultuatus
708 2669 751 2705 est
766 2682 879 2706 contra
898 2668 1015 2705 Mosen
1027 2693 1037 2710 ‚
1051 2673 1084 2703 &
1102 2669 1235 2710 Aaron,
1255 2669 1304 2704 vel
1319 2669 1479 2717 prosiliuit
1491 2670 1533 2705 ad
1549 2668 1681 2706 craffam
1694 2671 1912 2707 idololatriam
1922 2696 1931 2712 ‚
1945 2672 1996 2706 vel
2012 2672 2071 2707 ha-

476 2717 573 2753 benas
588 2719 706 2753 laxauit
720 2718 782 2753 suis
796 2720 1025 2767 cupiditatibus
1042 2731 1049 2750 ι
1072 2719 1211 2764 denique
1224 2718 1330 2752 nullus
1346 2716 1407 2752 fuit
1421 2719 1573 2766 peccandi
1595 2718 1666 2753 finis
1682 2746 1687 2752 .
1702 2729 1809 2755 tamen
1824 2721 1973 2766 quotidie
1988 2719 2070 2763 Mo·-

477 2764 524 2800 ses
541 2779 596 2801 eos
612 2767 652 2802 ad
670 2766 736 2802 Dei
751 2767 946 2814 obsequium
958 2767 1126 2801 reuocauit
1139 2792 1146 2799 .
1167 2763 1262 2801 Hanc
1276 2768 1376 2814 igitur
1390 2777 1514 2802 tantam
1531 2770 1768 2804 contumaciam
1784 2765 1910 2817 profert
1927 2768 2020 2803 Deus
2036 2770 2070 2803 in

476 2815 619 2850 medium
632 2839 642 2856 ‚
665 2828 702 2850 ac
719 2817 796 2851 dicit
814 2829 881 2850 non
900 2815 998 2849 hodie
1013 2813 1152 2862 primum
1167 2816 1305 2862 incipere
1319 2814 1474 2850 Israelitas
1490 2839 1500 2856 ‚
1521 2813 1574 2850 sed
1592 2813 1685 2850 fuiffe
1711 2817 1832 2865 semper
1850 2817 1907 2856 tali
1925 2818 2069 2865 ingenio,

475 2872 513 2896 vt
527 2876 596 2897 non
610 2862 736 2912 poffent
757 2862 839 2898 ferre
858 2862 934 2899 disci
959 2864 1075 2903 linam,
1087 2864 1363 2909 quemadmodum
1380 2864 1486 2911 postea
1500 2865 1584 2899 dicet
1600 2864 1694 2898 .Non
1708 2877 1789 2912 opus
1806 2864 1848 2898 est
1863 2864 1917 2899 hic
1927 2865 2071 2913 exempla

477 2911 636 2959 colligere
645 2937 654 2952 ,
663 2913 745 2946 vnde
760 2924 909 2961 appareat
923 2876 1015 2947 fgifl'e
1024 2911 1182 2960 populum
1197 2911 1283 2946 hunc
1291 2912 1541 2947 indomabilem.
1558 2912 1621 2947 hoc
1629 2916 1714 2948 enim
1723 2915 1895 2962 petendum
1906 2913 1948 2947 est
1962 2927 1997 2948 ex
2007 2914 2072 2949 -Sa-

483 2970 543 2993 cra
556 2959 688 2995 historia⁴
706 2988 712 2994 .
732 2959 794 2995 Sed
806 2961 877 2996 satis
894 2961 937 2997 est
950 2972 1057 2996 tenere
1072 2984 1082 3000 ,
1095 2959 1198 2994 obiici
1214 2971 1342 3008 patrum
1360 2962 1527 3000 duritiem,
1543 2963 1575 2994 δι
1592 2963 1801 3010 peruicaciam
1819 2960 1892 2996 filiis
1903 2973 1964 3001 ,·vt
1978 2962 2073 2997 intel-

477 3005 579 3053 ligant
595 3007 623 3041 se
640 3009 688 3042 bis
703 3011 736 3042 δε
754 3021 802 3044 ter
816 3022 889 3044 reos
901 3008 963 3045 effe
977 3021 1089 3043 coram
1104 3005 1181 3043 Deo
1197 3031 1207 3048 ‚
1221 3011 1375 3054 quoniam
1388 3011 1551 3044 imitentur
1573 3012 1808 3045 contumaciam
1824 3034 1833 3049 ,
1850 3022 1949 3057 quam
1963 3021 2071 3045 tamen

481 3053 574 3088 Deus
582 3052 687 3090 seuere
697 3056 1010 3105 vltusfueratzneque
1018 3059 1100 3092 enim
1109 3058 1278 3104 incognitae
1286 3058 1345 3091 illis
1356 3069 1442 3093 erant
1449 3069 1548 3105 poenae
1556 3056 1794 3103 quasinflixcrat
1805 3058 1898 3095 Deus
1907 3057 2069 3094 Patribus.

478 3100 555 3137 Hoc
564 3104 660 3150 igitur
668 3116 735 3140 erat
748 3107 841 3140 nimis
850 3105 1003 3155 proterue
1012 3103 1122 3141 Deum
1130 3103 1278 3140 lacessere
1285 3130 1294 3146 ‚
1307 3103 1380 3141 cum
1388 3107 1565 3154 spernerent
1574 3106 1660 3147 tales,
1668 3110 1699 3140 &
1710 3117 1775 3141 tam
1785 3107 1957 3147 horribiles
1965 3109 2072 3142 vindi-

473 3152 629 3197 &asqms
637 3165 812 3199 exequutus
820 3152 925 3190 fuerat
934 3154 1026 3189 cotra
1040 3153 1572 3202 patresipsorfi.videbimusfimiles
1580 3153 1748 3190 sententias
1756 3155 1817 3190 etii
1827 3156 1915 3191 alibi:
1924 3158 1992 3190 imo
2001 3156 2069 3191 haec

472 3199 614 3249 docendi
621 3204 706 3237 ratio
711 3201 770 3249 pas
768 3203 821 3236 iim
830 3204 1062 3254 occurritapud
1071 3200 1382 3253 omnes-Prophetas,
1391 3201 1608 3250 quodscilicet
1617 3216 1716 3251 genus
1722 3202 1832 3253 ipsori'x
1841 3203 1883 3240 ab
1892 3207 1986 3240 initio
1996 3202 2068 3240 fue-

626 3268 645 3272 -·
2023 3264 2066 3288 rit
