2180 3658
698 199 766 234 IN
814 200 1174 239 teneuram.
1620 193 1775 258 '‘³234-

160 285 185 321 9
254 270 302 314 Et
317 260 686 311 seruientleh'ouae
697 272 788 312 Deo
801 264 893 324 [υο,
909 273 953 313 &
969 267 1132 315 Dauidi
1145 264 1270 337 Regs
1267 268 1345 318 suo
1360 287 1494 338 quem
1509 269 1726 323 suscitabo

111 331 219 400 ipsis·
863 359 867 363 ’

182 399 353 436 Promislio
361 400 506 448 superior
514 396 622 436 fuisset
630 402 883 448 quodammodo
895 403 1078 443 mutila‚nifi
1087 406 1233 449 additum
1242 404 1350 441 fuiffet
1359 406 1425 444 hoc
1436 408 1611 445 secundum
1622 423 1726 446 mem-

103 449 320 494 brum.neque
329 451 414 482 enim
422 447 743 489 sufficeret‚homines
755 452 862 486 viuere
870 450 930 486 suo
939 451 1092 492 arbitrio,
1102 457 1134 500 ᾀ
1147 454 1330 490 libertatem
1339 456 1411 503 ipsis
1422 459 1639 505 promitti‚nifi
1649 472 1726 495 com

105 497 230 547 politus
237 498 312 532 css‘ct
321 510 436 532 eorum
448 497 558 532 status.
571 497 736 534 Praestaret
747 501 829 533 enim
838 512 899 534 nos
907 499 969 535 effe
978 498 1061 535 feras
1069 500 1182 535 bestias
1190 526 1199 542 ,
1211 507 1243 537 &
1253 515 1362 550 vagari
1373 506 1404 539 in
1414 506 1510 553 lyluis
1519 531 1526 547 ‚
1536 519 1556 553 q
1563 506 1636 542 uam
1652 509 1728 543 abs.

104 558 169 592 que
176 544 330 595 regimine
344 550 374 579 &
395 546 607 594 legibusinter
615 560 675 582 nos
684 559 778 596 agere
788 575 795 581 .
803 549 917 589 scimus
927 550 1012 584 enim
1020 547 1121 595 quam
1140 548 1266 586 furiosae
1277 552 1334 586 sint
1343 554 1512 588 hominum
1525 558 1726 604 cupiditates.

103 595 194 642 Ergo
204 595 260 629 nili
270 593 407 629 fraenum
418 597 481 641 aliq
487 598 553 630 uod
562 598 874 636 iniicerctur‚melior
883 592 957 632 esset
964 609 1064 645 atque
1072 599 1253 646 optabilior
1265 599 1436 636 bestiarum
1447 605 1597 638 conditio
1605 629 1615 644 ,
1625 604 1726 651 qudm

103 644 213 679 nostra
224 671 231 678 .
242 644 374 679 libertas
383 645 480 691 igitur
490 643 594 680 secum
603 641 841 692 semperafferet
850 647 1014 682 interitum
1024 671 1035 687 ,
1044 647 1066 680 si
1077 647 1112 681 sit
1121 644 1259 682 effraem's
1266 671 1276 688 ,
1286 661 1392 694 neque
1400 650 1518 685 habeat
1526 654 1728 688 moderatio-

106 705 180 727 nem
198 693 381 727 adiumfihm
391 720 397 725 .
407 692 484 727 [deo
501 695 566 727 dixi
582 696 728 729 additum
747 692 839 728 fuisse
847 694 912 730 hoc
920 695 1103 731 membrum
1112 720 1122 735 ‚
1129 707 1165 730 vt
1173 698 1288 731 scirent
1295 695 1395 731 Iudaei‘
1402 698 1444 732 sal
1451 707 1535 734 utem
1546 700 1633 735 suam
1642 710 1726 736 curae

103 740 165 776 effe
177 739 252 775 Deo
263 755 269 774 ς
280 744 355 787 quia
365 742 527 789 promittit
535 742 614 777 nihil
623 743 685 777 illis
692 740 823 783 defore.
835 742 916 781 Haec
923 745 1022 791 igitur
1030 757 1107 779 vera
1117 744 1158 778 est
1166 758 1203 781 ac
1212 745 1315 781 solida
1325 742 1476 782 foelicitas
1486 771 1494 787 ,
1512 748 1568 782 vbi
1578 761 1646 783 non
1655 761 1727 784 tan—

103 790 175 825 tum
185 790 280 824 nobis
288 794 382 824 datur
394 789 523 824 libertas
533 814 543 830 ,
552 789 606 826 sed
613 792 669 826 vbi
677 790 769 825 Deus
776 791 951 838 praescribit
961 792 1057 832 nobis
1066 803 1186 828 certam
1195 795 1352 842 regulam,
1360 798 1393 829 δι
1405 799 1577 843 componit
1585 799 1727 844 aliquem

101 839 215 874 statum
234 840 315 872 inter
331 850 409 878 nos,
418 851 456 873 ne
466 840 575 874 omnia
584 837 719 874 confuse*
737 840 928 876 misceantur
939 868 946 874 .
956 839 1137 888 Postquam
1146 843 1245 889 igitur
1261 843 1426 890 pollicitus
1443 844 1485 878 est
1497 843 1647 882 Ieremias
1663 858 1726 894 poa

100 889 184 936 pulo
198 888 336 922 reditum
355 889 387 921 in
405 888 540 935 patriam
551 912 560 928 ,
569 888 734 936 pollicitus
750 888 793 922 est
802 891 899 924 etiam
915 888 989 924 fore
998 915 1007 930 ‚
1018 900 1054 924 vt
1069 891 1184 937 iugum
1195 901 1396 926 excuteretur
1406 893 1424 926 ὀ,
1433 893 1560 939 ceruice
1572 896 1640 930 eius
1651 897 1727 930 :ad-

100 938 206 983 iungit
214 961 223 976 ‚
232 935 306 971 cum
315 936 403 982 prius
416 934 581 971 seruierint
598 936 707 971 alienis
716 960 725 976 ,
739 933 812 976 fore
823 937 883 971 sub
897 939 1035 985 imperio
1045 934 1150 973 Dei&
1162 937 1262 988 Regis
1270 939 1317 974 sui
1328 967 1335 974 .
1356 937 1435 976 Haec
1444 952 1551 977 autern
1562 942 1725 979 'subiectio

100 983 272 1019 meliorest
285 984 488 1018 omnibusir'n
515 985 583 1018 eriis
598 986 806 1024 mundi,dum
815 985 933 1021 scilicet
942 987 1095 1034 dignatur
1110 987 1209 1022 nobis
1219 986 1343 1035 praeesse
1353 987 1447 1024 Deus
1463 1014 1472 1031 ‚
1483 989 1652 1040 &suscipit
1667 1004 1726 1028 cu-

99 1045 170 1069 ram
180 1034 286 1070 salutis
295 1030 409 1065 nossrae
421 1058 428 1071 ,
436 1036 466 1065 δι
503 1033 635 1079 ungitur
644 1031 889 1079 Gubernatoris
899 1032 1033 1070 officio.
1045 1035 1203 1070 Videmus
1211 1049 1291 1084 ergo
1303 1037 1366 1073 hoc
1376 1036 1472 1074 fuisse
1480 1037 1651 1087 Prophetae
1662 1049 1737 1075 con·

100 1083 206 1117 silium
217 1107 226 1123 ‚
235 1080 333 1116 solari
341 1078 448 1114 fideles
456 1086 524 1113 non
534 1079 660 1114 tantum
671 1078 826 1128 promissa
835 1081 986 1118 libertate
998 1107 1007 1123 ,
1016 1082 1069 1117 sed
1079 1084 1201 1119 ,addito
1218 1086 1475 1133 complemento,
1494 1099 1529 1123 vt
1546 1089 1586 1123 ad
1594 1089 1723 1136 plenam

98 1129 299 1166 foelicitatem
307 1128 613 1175 nihildefit‚nempe
628 1128 721 1174 quod
736 1128 798 1162 illis
816 1129 909 1163 Deus
925 1130 1019 1165 vellet
1033 1130 1175 1177 praeeffe.
1195 1136 1329 1169 Seruiem
1342 1136 1443 1182 igitur
1463 1141 1522 1172 Deo
1531 1136 1575 1176 (im
1590 1164 1597 1170 ,
1615 1137 1724 1172 Addi-

95 1190 151 1214 tur
162 1187 234 1224 Rex
243 1203 252 1219 ‚
269 1178 429 1224 quoniam
440 1176 529 1221 Deus
547 1176 678 1210 volebat
687 1177 950 1224 populum'illum
960 1178 1142 1224 gubernare
1152 1193 1248 1214 manu
1260 1181 1361 1228 Regis
1369 1207 1379 1223 ,
1390 1195 1458 1216 non
1467 1183 1561 1228 quod
1571 1184 1642 1220 Rex
1659 1184 1725 1234 ipse

97 1226 342 1263 substitueretur
358 1225 512 1260 inlocum
528 1224 613 1264 Dei,
629 1224 682 1259 sed
692 1226 880 1272 adiungitur
891 1229 1050 1271 'quatenus
1068 1237 1134 1261 erat
1143 1228 1209 1262 eius
1218 1228 1375 1264 minister.
1388 1230 1465 1266 Fuit
1480 1244 1586 1268 autem
1599 1235 1663 1269 hoc
1672 1237 1725 1269 di-

96 1278 185 1311 &um
196 1273 296 1322 longe
312 1273 384 1322 post
395 1286 531 1310 mortem
552 1272 707 1308 Diuidis.
718 1287 793 1308 nam
803 1284 977 1320 antequam
993 1285 1087 1310 natus
1096 1272 1331 1311 effetleremias
1346 1280 1472 1326 pridem
1490 1293 1641 1317 mortuus
1654 1292 1723 1318 erat

100 1323 213 1360 Dauid
224 1349 233 1365 ,
243 1336 349 1369 neque
357 1323 399 1357 ab
417 1336 455 1358 eo
462 1335 607 1371 tempore
623 1325 737 1357 reuixit
748 1346 757 1362 ‚
764 1326 800 1357 vt'
810 1323 1035 1358 dominaretur
1044 1324 1172 1372 populo
1182 1324 1250 1360 :sed
1259 1337 1378 1360 nomen
1387 1327 1528 1363 Dauidis
1537 1328 1590 1364 hic
1606 1332 1727 1379 ncipi-

99 1384 155 1408 tur
167 1385 229 1421 pro
242 1372 395 1419 quolibet
411 1373 478 1407 eius
493 1370 862 1419 successorerniam
871 1381 977 1406 autem
992 1375 1157 1420 pepigerat
1165 1371 1255 1408 Deus
1269 1372 1378 1409 foedus
1387 1375 1479 1411 suum
1489 1390 1563 1412 cum
1582 1379 1727 1419 nauide,

99 1424 135 1456 &
143 1421 334 1470 promiserat
350 1420 472 1468 semper
491 1419 564 1454 fore
573 1420 714 1465 aliquem
724 1433 758 1454 ex
769 1421 836 1455 eius
852 1418 984 1471 posteris
992 1444 1001 1460 ‚
1011 1423 1068 1466 qui
1077 1421 1198 1457 sederet
1207 1424 1240 1456 in
1248 1421 1333 1457 solio
1342 1448 1351 1465 ‚
1359 1426 1433 1460 ideo
1444 1424 1499 1461 hic
1516 1427 1574 1461 sub
1585 1425 1727 1462 Dauidis

98 1469 239 1519 persona
257 1469 422 1517 Propheta
438 1471 581 1516 delignat
599 1481 709 1504 omncs
725 1467 834 1516 Reges
845 1468 946 1514 vsque
962 1470 1003 1504 ad
1014 1469 1241 1506 Christumz&
1253 1482 1360 1507 tamen
1369 1485 1467 1509 nemo
1477 1474 1586 1523 postea
1603 1475 1728 1513 succes-

100 1519 138 1553 fit
148 1546 155 1553 .
179 1532 253 1554 nam
271 1519 435 1554 abolitum
452 1516 515 1553 fuit
530 1517 683 1566 Regnum
696 1529 768 1552 ante
783 1528 924 1562 mortem
940 1516 1079 1553 Ieremiae
1091 1530 1097 1552 ι
1111 1521 1144 1552 &
1160 1517 1234 1554 etim
1251 1521 1393 1568 popqus
1408 1523 1552 1558 reuersus
1568 1524 1609 1558 est
1618 1526 1649 1558 in
1668 1537 1725 1573 pa-

96 1569 194 1603 triam
204 1593 214 1608 ,
225 1568 314 1602 nulla
323 1565 386 1601 fuit
400 1565 505 1614 Regia
517 1568 673 1614 dignitas.
686 1565 880 1601 Zerubabel
896 1567 981 1602 enim
999 1567 1146 1602 obtinuit
1161 1571 1314 1605 duntaxat
1329 1573 1506 1617 precariam
1524 1573 1726 1620 dignitatemr

96 1617 255 1665 paulatim
263 1617 434 1663 progenies
453 1616 507 1650 illa
521 1616 608 1662 regia
616 1616 747 1651 euanuit
758 1617 806 1648 2&
821 1614 944 1650 tametsi
961 1616 1073 1650 deleffi
1082 1614 1213 1652 fuerunt
1224 1616 1423 1666 septuaginta
1434 1632 1469 1659 ex
1487 1620 1604 1658 semine
1615 1620 1724 1658 Daui-

86 1661 148 1699 'dis
161 1677 285 1705 ,tamen
293 1664 420 1698 nullum
429 1661 490 1698 fuit
505 1663 660 1711 sceptrum
671 1663 815 1704 ‚nullum
824 1664 970 1699 diadema
982 1689 991 1704 ‚
1003 1665 1130 1701 nullum
1139 1664 1256 1700 solium
1268 1693 1276 1701 .
1294 1666 1431 1703 Necesse
1439 1671 1538 1717 igitur
1548 1669 1592 1704 est
1607 1673 1722 1706 vatici-

99 1716 192 1748 nium
202 1714 266 1748 hoc
276 1711 394 1747 referre
400 1713 440 1747 ad
450 1712 628 1747 Christum:
636 1714 713 1758 quia
723 1714 874 1760 oportuit
882 1711 1248 1760 confringidiadema‚&
1259 1715 1376 1751 calcari
1384 1717 1477 1752 ctiam
1492 1719 1723 1766 pedibus,dum

99 1765 223 1797 veniret
241 1761 315 1795 Rex
330 1761 491 1807 legitimus
501 1786 510 1801 ‚
518 1762 796 1807 quemadmodum
804 1761 882 1796 dicit
891 1759 1040 1797 Ezechiel
1052 1789 1058 1795 .
1076 1763 1165 1796 Nam
1175 1762 1331 1810 fignificat
1349 1765 1476 1800 nullum
1495 1765 1569 1802 fore
1585 1780 1721 1815 regnum

99 1811 208 1858 longo
224 1809 395 1857 progressu
406 1812 562 1857 temporis
579 1809 652 1844 cum
664 1812 742 1845 dicit
754 1835 762 1850 ,
773 1808 918 1850 Proiice,
927 1812 1051 1858 proiice
1061 1817 1071 1851 ‚¹
1079 1812 1204 1860 proiice
1219 1812 1366 1848 diadema
1376 1840 1382 1846 .
1393 1813 1489 1850 Iubet
1498 1818 1596 1863 igitur
1607 1817 1723 1851 abole-

101 1863 130 1894 ri
139 1859 283 1908 Regium
293 1871 413 1893 nomen
422 1859 484 1893 vna
494 1872 567 1894 cum
577 1858 637 1893 suis
652 1858 828 1905 insignibus
836 1882 845 1897 ‚
853 1871 957 1904 neque
966 1860 999 1893 id
1016 1861 1056 1894 ad
1066 1860 1164 1895 breue
1171 1870 1297 1908 tempus
1305 1885 1314 1901 ,
1323 1861 1374 1896 sed
1383 1862 1512 1909 aliquot
1525 1864 1724 1907 saeculis‚do-

101 1921 162 1943 nec
175 1910 209 1942 in
227 1909 369 1949 medium
386 1909 522 1954 prodeat
535 1909 593 1954 qui
609 1907 725 1942 merito
734 1917 862 1955 poterat
873 1907 930 1941 fibi
938 1909 1109 1943 vendicare
1124 1908 1289 1949 diadema,
1299 1909 1349 1945 vel
1357 1911 1490 1946 cidarim
1505 1910 1723 1960 RegiamNia-

102 1959 217 1993 demus
228 1968 308 2003 ergo
316 1968 383 1991 non
393 1955 579 2002 poss‘ealiuer
589 1956 793 1991 hunclocum
802 1956 931 2004 exponi,
947 1955 1046 2003 qudm
1056 1958 1096 1992 de
1104 1956 1237 1991 Christo
1245 1981 1254 1998 ‚
1262 1959 1410 2006 &ipsum
1419 1963 1530 1996 vocari
1542 1959 1722 2003 Dauidem,

101 2008 111 2037 ί
130 2006 195 2040 cuti
204 2017 300 2050 etiam
308 2004 347 2039 vs
346 2018 381 2039 us
391 2005 502 2051 passim
511 2002 699 2040 obtinuerat
706 2003 925 2052 apudIudaeos
938 2016 1113 2052 antequam
1122 2009 1304 2053 apparuerit
1316 2006 1464 2044 Christus
1479 2012 1605 2045 mundo
1617 2039 1623 2046 .
1635 2011 1723 2046 Mes-

137 2067 178 2087 ¹.rn
198 2055 281 2088 enim
299 2066 395 2098 quem
405 2053 611 2101 expeEtabant
620 2077 629 2093 ‚
637 2055 803 2088 vocabant
813 2051 929 2087 Filium
940 2051 1079 2089 Dauidis
1090 2081 1096 2089 .
1109 2053 1212 2090 Nunc
1229 2065 1374 2091 tenemus
1390 2055 1564 2106 Prophetae
1583 2059 1720 2095 sensum.

102 2103 236 2136 *udhinc
246 2102 410 2149 colligitur
421 2100 564 2150 apprime
575 2102 659 2136 vtilis
677 2102 824 2136 dofirina
833 2126 842 2141 ‚
850 2102 929 2136 nihil
938 2103 1056 2138 scilicet
1071 2104 1167 2138 nobis
1174 2101 1235 2138 effe
1243 2104 1356 2139 melius
1370 2129 1379 2144 ‚
1389 2105 1489 2151 quam
1508 2105 1586 2141 Deo
1594 2107 1611 2140 s
1610 2108 1720 2143 ubiiciz

102 2152 177 2197 quia
190 2150 321 2185 libertas
335 2150 444 2185 nostra
457 2150 596 2184 belluina
606 2146 680 2184 esset
690 2175 699 2190 ,
710 2150 731 2184 si
749 2149 840 2185 Deus
847 2152 1042 2197 permitteret
1053 2151 1149 2185 nobis
1159 2163 1252 2199 agere
1261 2153 1420 2199 quicquid
1432 2152 1529 2189 ferret
1537 2155 1651 2191 libido.
1665 2155 1722 2190 Li-

103 2192 209 2234 brum
224 2200 322 2245 igitur
339 2198 459 2246 semper
476 2200 534 2233 erit
551 2198 702 2238 exitialis,
716 2200 820 2233 donec
830 2198 975 2246 suscipiat
989 2198 1080 2233 Deus
1090 2212 1199 2235 curam
1209 2199 1311 2233 nostri
1323 2204 1372 2240 ,&
1384 2213 1445 2236 nos
1460 2202 1647 2240 assuefaciat
1657 2229 1667 2244 ‚
1682 2218 1721 2240 ac

103 2245 226 2281 formet
235 2249 274 2281 ad
286 2245 454 2282 ferendum
466 2249 588 2293 iugum.
598 2246 654 2281 vbi
669 2248 768 2295 igitur
783 2247 995 2292 obsequimur
1005 2246 1081 2282 Deo
1092 2272 1100 2288 ‚
1109 2247 1176 2283 haec
1194 2246 1296 2282 solida
1305 2248 1346 2282 est
1355 2250 1460 2286 nostra
1470 2249 1623 2287 foelicitas
1636 2281 1642 2286 .
1656 2253 1722 2288 Ita*-

104 2309 169 2342 que
186 2298 263 2330 dum
279 2308 448 2344 precamur
463 2295 620 2331 discamus
629 2307 695 2329 non
705 2295 847 2343 separare
863 2295 930 2330 haec
940 2296 1009 2330 duo
1018 2308 1089 2343 quae
1097 2294 1274 2332 necessario
1283 2299 1439 2347 coniungi
1457 2301 1593 2342 debent,
1606 2313 1723 2350 nempe

105 2355 140 2378 vt
153 2343 363 2380 Deusliberet
378 2357 439 2379 nos
454 2345 470 2378 :l
486 2345 654 2392 tyrannide
669 2345 843 2392 impiorum
854 2345 985 2379 :deinde
994 2356 1028 2379 vt
1037 2346 1136 2380 nobis
1148 2345 1349 2380 dominetur.
1362 2347 1403 2381 Et
1413 2350 1569 2388 conuenit
1584 2350 1650 2385 haec
1660 2352 1720 2386 do*

104 2393 204 2426 &rina
211 2395 352 2441 tempori
360 2394 472 2428 nostro
487 2396 676 2440 :quianunc
690 2393 708 2427 li
717 2391 842 2441 tanturn
854 2391 1175 2442 Deus'confringeret
1185 2393 1278 2442 Papae
1292 2397 1494 2442 tyrannidem
1506 2423 1514 2438 ‚
1524 2399 1638 2435 &inde
1654 2401 1723 2435 exi-

106 2451 205 2474 meret
214 2439 286 2475 suos
296 2466 305 2481 ,
315 2442 425 2477 sineret
439 2438 544 2477 autem
562 2442 688 2489 Vagari,
699 2451 733 2476 vt
742 2443 859 2487 cuique
875 2440 967 2475 suum
984 2441 1155 2477 arbitrium
1169 2441 1244 2477 ess‘et
1252 2441 1348 2478 instar
1358 2444 1451 2492 legis,
1461 2446 1559 2492 quam
1577 2447 1722 2484 horribi-

109 2488 183 2523 bilis
192 2486 278 2523 foret
287 2490 438 2525 confusio
449 2490 626 2539 {praestaret
638 2490 808 2525 diabolum
822 2489 879 2525 sub
895 2489 996 2537 specie
1012 2491 1122 2537 aliqua
1136 2492 1297 2525 dominari
1308 2491 1496 2529 hominibus
1506 2494 1621 2542 ‚quam
1637 2498 1721 2545 ipsos

109 2535 242 2572 wallari
259 2536 320 2572 sme
337 2538 421 2586 lege,
431 2539 492 2573 sine
501 2541 625 2575 ratione
642 2539 706 2574 vlla
718 2566 725 2573 .
736 2539 826 2586 Ergo
835 2539 962 2586 tempus
969 2538 1114 2574 nostrum
1131 2539 1201 2574 satis
1208 2540 1406 2577 demonstrat
1414 2544 1511 2588 quam
1522 2556 1589 2578 non
1600 2546 1720 2581 temere

107 2586 172 2619 htec
182 2581 251 2619 duo
265 2587 436 2622 coniuncta
451 2587 572 2623 fuerint
582 2613 592 2628 ,
602 2588 713 2623 Deum
723 2588 841 2623 seilicet
856 2585 926 2622 fore
941 2586 1149 2623 liberatorem
1160 2588 1344 2636 populisui‚
1354 2592 1510 2639 vtiugum
1528 2593 1646 2627 mistiae
1655 2595 1721 2629 ser-

108 2645 219 2668 u·r.utis
229 2635 365 2667 excutiat
373 2658 382 2673 ,
392 2638 423 2667 ὅ(
433 2636 607 2684 disrumpat
616 2637 762 2671 vincula:
774 2637 889 2670 deinde
904 2634 973 2670 fore
985 2635 1107 2682 Regem
1118 2639 1176 2683 qui
1194 2637 1354 2685 populum
1365 2639 1454 2673 suum
1465 2640 1638 2688 gubernet.
1657 2642 1719 2677 Sed

106 2680 205 2716 t:rtio
215 2683 312 2716 etiam
322 2682 490 2728 diligenter
499 2686 679 2719 notandum
688 2684 730 2719 est
739 2686 829 2730 quod
839 2683 1104 2729 sequitur‚Deum
1115 2684 1232 2719 scilicet
1242 2697 1308 2718 non
1319 2686 1411 2720 aliter
1419 2689 1597 2733 gubernare
1607 2689 1720 2725 Eccle-

109 2730 185 2765 fiam
198 2729 283 2764 suam
294 2754 303 2770 ‚
311 2728 412 2775 quam
431 2742 486 2778 per
494 2745 624 2766 manum
633 2732 734 2780 Regis
745 2760 751 2765 .
762 2732 878 2766 Voluit
893 2731 988 2765 huius
999 2733 1043 2766 rei
1056 2731 1212 2779 specimen
1223 2756 1232 2771 ‚
1240 2733 1290 2767 vel
1300 2734 1480 2780 preludium
1490 2736 1624 2783 aliquod
1642 2739 1720 2773 dare

107 2778 168 2814 sub
180 2778 264 2826 Lege
273 2803 282 2818 ,
292 2777 364 2812 cum
377 2778 472 2825 elegit
482 2778 644 2815 Dauidem
655 2805 664 2820 ‚
675 2785 707 2814 &
717 2783 784 2815 eius
798 2779 960 2828 posteros.
973 2778 1034 2814 Sed
1046 2780 1183 2815 maxime
1190 2780 1230 2815 ad
1239 2793 1300 2814 nos
1310 2785 1444 2829 pertinet
1455 2783 1520 2818 hac
1561 2787 1719 2827 romisfio,

106 2841 183 2873 quia
195 2827 290 2861 Iudaei
299 2838 432 2874 propter
442 2827 528 2862 suam
538 2829 568 2861 in
594 2830 799 2863 ratitudinem
809 2841 875 2863 non
883 2827 1042 2863 senserunt
1050 2827 1190 2863 fru&um
1200 2828 1296 2864 huius
1304 2798 1636 2877 promislionis:[i)ei1s
1652 2837 1717 2882 pri-

107 2888 198 2911 uauit
205 2888 261 2911 eos
271 2875 481 2910 inaestimabili
490 2841 753 2923 beneflcioffluod
762 2879 983 2925 poterantiure
994 2880 1025 2910 &
1036 2876 1126 2913 certo
1134 2879 1407 2926 expefitare.Nunc
1415 2883 1490 2925 quia
1498 2883 1536 2916 ad
1547 2894 1607 2915 nos
1616 2882 1716 2918 trans-

107 2925 171 2959 lata
180 2926 223 2960 est
232 2926 333 2968 gratia
343 2949 352 2964 ‚
361 2924 379 2958 ὲ
388 2937 454 2970 qua
465 2926 660 2965 exciderunt,
671 2925 812 2973 proprie,
822 2925 899 2960 ficut
909 2925 984 2964 dixi,
1001 2926 1041 2960 ad
1049 2937 1110 2959 nos
1119 2927 1268 2973 dirigitur
1282 2927 1374 2972 quod
1383 2928 1437 2963 hic
1449 2929 1545 2965 docet
1558 2930 1717 2973 Ieremias,

106 2986 220 3019 nempe
231 2973 341 3009 Deum
350 2985 419 3007 non
434 2973 525 3009 aliter
536 2972 596 3008 esse
606 2971 732 3021 Regem
747 2973 890 3008 nostrum
901 2998 910 3013 ‚
920 2973 976 3007 nifi
986 2972 1059 3008 cum
1077 2973 1263 3009 subjicimur
1279 2974 1410 3010 Christo
1419 3002 1428 3017 ‚
1446 2988 1546 3023 quem
1563 2979 1642 3014 loco
1659 2980 1716 3016 suo

108 3020 248 3066 praefecit
257 3046 266 3061 ‚
275 3025 306 3056 &
316 3034 372 3070 per
382 3022 473 3056 cuius
487 3035 617 3056 manum
630 3023 698 3057 vult
709 3022 804 3056 nobis
814 3020 940 3070 praeeffe
951 3048 957 3055 .
970 3021 1176 3069 Qicunque
1184 3024 1282 3069 igitur
1297 3024 1415 3059 inflant
1422 3026 1451 3060 se
1460 3025 1598 3061 libenter
1608 3027 1717 3076 passu-

107 3080 165 3101 ros
174 3068 221 3102 ess’
218 3083 234 3104 e
243 3070 355 3117 iugum
365 3070 429 3105 Dei
439 3094 448 3110 ‚
457 3071 575 3106 interea
585 3071 705 3106 Christi
714 3072 826 3118 iugum
837 3070 982 3104 reiiciunt
990 3093 1000 3108 ‚
1008 3068 1271 3106 refellunturhoc
1280 3073 1431 3108 vaticinio
1443 3071 1612 3123 Prophetae
1625 3079 1728 3123 :quia.

109 3116 204 3151 Deus
214 3129 279 3151 non
290 3119 360 3154 vult
368 3118 551 3154 immediate
561 3145 570 3159 ‚
581 3132 615 3155 vt
624 3121 667 3154 ita
677 3121 806 3166 loquar,
816 3129 925 3165 regere
933 3117 1019 3153 suam
1030 3119 1202 3154 Ecclesiam
1214 3143 1222 3158 ‚
1232 3119 1283 3154 sed
1291 3121 1362 3155 vult
1376 3122 1541 3159 Christum
1552 3123 1614 3159 effe
1622 3127 1720 3161 inter-

108 3165 250 3216 positum
258 3190 267 3208 ‚
278 3169 335 3214 qui
347 3167 403 3203 hic
416 3179 555 3204 vocatur
562 3168 675 3206 Dauid
686 3195 692 3201 .
707 3167 763 3203 nifi
773 3168 857 3203 enim
867 3166 1001 3217 velimus
1011 3168 1162 3217 damnare
1173 3169 1330 3206 mendacii
1347 3169 1513 3220 {eremiam
1522 3196 1533 3214 ,
1548 3173 1670 3222 necesse
1678 3175 1721 3209 est

1174 3235 1179 3255 r
