2180 3658
254 195 570 230 CAP.Xxxl.
855 189 1690 227 lO.CAL.PRAELECTIONES

258 678 335 707 Helm
344 684 409 706 2.11.

265 2037 326 2067 Gal.
340 2047 403 2073 4.).

434 287 606 316 meum:
623 265 872 334 pudefactus
883 263 977 312 sum
989 303 1001 322 ,
1013 280 1142 332 atque
1153 262 1286 311 etiam
1299 262 1497 312 confusus
1513 302 1526 322 ‚
1538 262 1641 333 quia
1654 261 1737 311 tuli
1755 261 2044 329 opprobrium

440 334 733 385 adolescentiae
756 352 873 384 meae.

480 472 550 508 Iam
559 473 758 522 prosequitur
768 471 916 507 Ieremias
929 471 1020 517 quod
1033 470 1165 506 breuius
1172 471 1445 518 attigerat,nempe
1456 478 1492 502 vt
1501 467 1624 503 ostedat
1631 481 1759 518 poenam
1768 481 1838 515 quae
1847 469 1965 503 inflicta
1975 466 2048 503 fue-

440 535 491 558 rat
500 522 722 563 [sraelitismon
733 520 866 556 caruisse
877 519 997 556 fructu.
1007 522 1048 555 Et
1055 520 1120 555 haec
1130 520 1277 554 doctrina
1289 517 1432 566 apprime
1443 515 1487 551 est
1500 517 1581 551 vtilis
1593 513 1735 566 cognitu.
1759 520 1889 566 Semper
1899 520 1984 552 enim
1995 530 2048 551 re-

441 571 581 620 fugimus
590 572 749 618 quicquid
760 572 847 604 carni
857 569 969 604 nostrae
983 569 1103 604 durum
1113 568 1214 602 estzita
1224 567 1246 601 fi
1255 566 1330 601 effer
1340 564 1372 600 in
1384 565 1492 599 nostro
1502 564 1637 600 arbitrio
1647 592 1656 607 ,
1665 580 1831 613 nunquam
1841 567 1931 602 nobis
1941 567 2048 616 place-

439 633 514 657 sent
526 621 591 655 Dei
599 620 916 668 castigationesErgo
925 617 1044 652 neceffe
1053 617 1095 651 est
1106 617 1261 664 respicere
1271 617 1304 649 in
1313 615 1421 655 finem,
1431 614 1525 649 sicuti
1534 616 1629 648 etiam
1639 615 1808 663 Apostolus
1817 618 1851 650 in
1860 617 1998 665 Epistola
2007 616 2050 650 ad

441 670 592 705 Hebraeos
601 682 658 703 nos
668 668 900 703 admonet.Vbi
910 678 1016 701 autem
1028 666 1231 715 perspicimus
1242 665 1350 712 Deum
1361 663 1519 697 consulere
1531 663 1623 697 saluti
1632 664 1742 698 nostrae
1752 689 1761 704 ,
1776 665 1853 700 dum
1865 679 1923 701 nos
1936 667 2051 700 tractat

439 719 537 769 paulo
546 718 768 768 asperius,hinc
779 718 912 753 mitescit
922 729 958 750 ac
969 716 1083 749 lenitur
1093 714 1188 748 dolor
1198 713 1316 753 noster,
1325 712 1497 760 praesertim
1506 711 1561 746 vbi
1575 714 1761 760 experientia
1770 713 1831 748 hoc
1843 714 2051 753 demonstrat,

439 768 535 803 n‘obis
547 769 634 802 Vtiles
645 766 736 802 fuiss'e
749 779 863 813 poenas,
874 764 1074 813 gratulamur
1084 762 1185 802 nobis,
1196 767 1228 796 &
1237 763 1352 810 gratias
1362 763 1482 809 agimus
1493 761 1567 799 Deo
1575 785 1586 801 ,
1595 760 1689 808 quod
1700 773 1766 795 non
1775 760 1872 797 fuerit
1882 763 1984 811 paffus
1992 775 2051 797 nos

440 819 563 866 penitus
573 819 604 850 in
613 818 696 850 vitiis
705 815 817 849 nostris
829 815 930 860 perire
937 813 1010 847 .liaec
1020 814 1102 846 ratio
1110 811 1152 844 est
1161 824 1218 845 cur
1230 810 1368 858 pluribus
1379 809 1486 844 verbis
1497 810 1558 844 hac
1565 811 1745 844 doctrinam
1755 813 1867 845 tractet
1877 811 2048 859 Propheta.

442 867 536 900 Dicit
545 867 656 913 igitur,
667 864 816 910 Poflquam
826 863 991 897 conuertifti
1000 863 1101 908 me,egi
1107 863 1313 908 poenitentiam.
1331 857 1515 894 Confirmat
1522 858 1686 905 quodiam
1696 859 1780 893 dixit
1792 885 1801 900 ,
1808 872 1920 907 nempe
1928 859 1987 894 esse
1996 873 2053 910 pe-

442 915 559 949 culiare
572 913 636 946 Dei
645 925 723 961 opus
734 912 805 945 cum
816 911 964 958 resipiscit
975 920 1137 958 peccator,
1147 922 1249 954 neque
1262 909 1294 942 id
1304 906 1388 956 poffe
1401 908 1546 942 humanis
1557 908 1678 942 viribus
1687 909 1893 948 adscribi‚acfi
1906 908 2052 944 homines

440 964 576 1012 proprio
587 960 832 996 motu'redirent
839 962 871 994 in
882 961 977 993 viam.
992 959 1043 992 sed
1055 958 1225 1004 quomodo
1236 957 1298 991 hoc
1313 955 1432 992 faffiim
1443 956 1506 991 est?
1517 957 1663 1006 Prfiqnam
1675 959 1841 992 conueniat
1849 970 1902 991 me.
1922 958 2054 1006 Repetit

441 1023 521 1059 ergo
531 1011 596 1044 aliis
606 1009 709 1044 verbis
719 1010 810 1056 quod
821 1010 956 1047 dixerat,
967 1008 1019 1041 sed
1029 1008 1069 1040 ad
1085 1006 1362 1040 confirmationem
1372 1006 1539 1054 superioris
1547 1007 1709 1040 sententiae.
1723 1006 1852 1040 Summa
1861 1006 1915 1047 est,
1923 1006 2056 1053 nunqui

441 1059 520 1095 serio
529 1058 640 1094 affectu
650 1071 706 1093 nos
717 1060 851 1106 tangi,vt
860 1057 1075 1105 displiceamus
1083 1055 1174 1090 nobis
1190 1057 1223 1089 in
1233 1057 1379 1103 peccatis,
1387 1056 1489 1089 donec
1499 1056 1695 1088 conuerterit
1704 1067 1760 1089 nos
1778 1053 1868 1091 Deus
1883 1055 1957 1103 ipse.
1968 1056 2055 1103 Ergo

441 1109 517 1143 hinc
528 1108 704 1156 colligimus
714 1107 812 1154 qudm
823 1109 895 1142 caeci
913 1104 1034 1140 fuerint
1045 1104 1176 1153 Papistae
1187 1128 1196 1144 ‚
1205 1107 1265 1150 qui
1279 1104 1358 1138 dum
1368 1104 1547 1150 loquuntur
1557 1105 1597 1138 de
1614 1105 1800 1153 poenitentia
1809 1103 1986 1142 existimant
1994 1105 2057 1138 ho-

443 1160 564 1192 minem
575 1158 710 1206 proprio
720 1154 857 1191 arbitrio
866 1156 971 1190 redire
982 1154 1023 1188 ad
1035 1154 1191 1194 Deum‚&
1200 1153 1259 1186 hac
1269 1153 1309 1186 de
1320 1165 1352 1186 re
1362 1154 1537 1187 maximum
1543 1152 1585 1186 est
1592 1152 1683 1187 nobis
1692 1153 1788 1187 hodie
1800 1152 2056 1188 certamen.Pro-

440 1207 535 1257 pheta
545 1217 649 1241 autem
660 1216 764 1240 totam
774 1205 855 1239 hanc
872 1203 1069 1250 questionem
1077 1201 1216 1237 breuiter
1230 1201 1378 1236 definiuit
1387 1228 1394 1235 .
1407 1202 1496 1236 Nam
1509 1201 1581 1235 curn
1601 1202 1674 1236 ante
1684 1200 1808 1237 dixiffet
1818 1215 1881 1236 non
1894 1200 1981 1251 posse
1991 1201 2056 1236 ho-

439 1257 539 1290 mines
549 1256 696 1290 conuerti
709 1279 717 1293 ,
727 1254 830 1288 donec
839 1266 890 1288 eos
901 1262 1068 1287 conuertat
1077 1251 1166 1286 Deus
1176 1277 1184 1292 ‚
1193 1252 1256 1284 iam
1270 1252 1417 1298 adiungit
1426 1252 1453 1284 se
1462 1250 1525 1283 hoc
1535 1263 1567 1284 re
1578 1248 1648 1297 ipsa
1656 1262 1832 1299 expertum,
1844 1263 1920 1297 quia
1936 1251 2057 1286 scilicet

441 1317 607 1351 nunquam
617 1303 674 1337 sibi
684 1302 880 1351 displicuerit
890 1301 1037 1350 populus,
1046 1302 1142 1334 etiam
1152 1300 1174 1335 fi
1187 1311 1299 1346 graues
1309 1312 1414 1346 poenas
1425 1299 1515 1333 Deus
1524 1298 1691 1347 sumpserit
1701 1301 1740 1333 de
1750 1300 1828 1334 illius
1836 1302 1983 1348 peccatis,
1994 1301 2057 1334 do·-

443 1366 500 1387 nec
513 1353 682 1387 conuersus
700 1350 764 1385 fuit
780 1364 844 1385 non
853 1352 910 1384 suo
924 1350 1072 1389 arbitrio,
1083 1348 1134 1382 sed
1145 1360 1261 1382 arcana
1275 1349 1462 1396 operatione
1474 1347 1660 1382 &instinEtu
1678 1349 1814 1394 Spiritus
1829 1350 1928 1382 ianffi.
1952 1355 2057 1397 Exque

444 1404 543 1450 igitur
555 1402 719 1438 conuertifli
727 1413 770 1435 me
783 1402 918 1447 paenituit
926 1411 978 1433 me.
991 1399 1120 1432 Summa
1129 1397 1183 1437 est,
1191 1396 1333 1430 homines
1343 1408 1409 1430 non
1421 1394 1507 1444 posse
1519 1395 1664 1444 c6cipere
1676 1409 1789 1431 verum
1798 1397 1913 1431 odium
1920 1399 2057 1444 peccati,

445 1451 501 1488 ulfi
512 1451 605 1485 Deus
616 1450 772 1485 illuminet
779 1461 892 1482 eorum
902 1457 1033 1487 mentes,
1046 1450 1078 1480 ὅ(
1088 1456 1198 1494 tangat
1207 1447 1337 1479 animos.
1372 1445 1452 1480 buid
1461 1446 1547 1479 enim
1556 1444 1598 1479 est
1607 1445 1783 1485 conuerfio‚
1793 1446 1833 1480 de
1843 1458 1908 1492 qua
1914 1458 2000 1480 nunc
2007 1447 2057 1481 lo-

443 1501 557 1546 quitur
569 1498 750 1546 Propheta?
766 1497 949 1531 Renouatio
959 1496 1072 1529 mentis
1090 1499 1122 1529 ὅ(
1135 1494 1240 1529 cordis
1249 1519 1257 1528 .
1273 1507 1346 1528 narn
1359 1490 1494 1542 petenda
1511 1493 1554 1528 est
1571 1494 1721 1529 definitio
1732 1494 1750 1529 ὰ
1763 1495 1929 1529 contrario
1938 1506 1994 1534 ,vt
2007 1495 2057 1530 lo-

443 1559 599 1595 quuntur.
623 1546 764 1581 Auerfio
780 1546 862 1592 quid
871 1544 934 1579 est?
950 1557 1062 1591 nempe
1076 1544 1147 1579 cum
1157 1544 1281 1578 alienati
1291 1543 1309 1577 ὰ
1326 1542 1402 1577 Deo
1410 1543 1514 1578 sumus
1528 1554 1595 1577 tam
1614 1554 1720 1578 mente
1731 1543 1828 1589 qudm
1837 1544 1946 1579 corde.
1967 1545 2057 1592 Ergo

443 1598 655 1643 ieqiiitur,nos
667 1597 814 1629 conuerti
823 1594 879 1628 vbi
888 1605 1079 1639 renouamur
1089 1593 1425 1641 intelligentia,deinde
1437 1592 1584 1632 corde,id
1592 1591 1815 1633 effiaffeffibus.
1827 1603 1989 1639 vtrunque
1998 1594 2059 1627 ad-

444 1646 554 1680 scribit
567 1645 728 1692 Propheta
737 1645 845 1691 gratiae
856 1642 1010 1688 Dei,quia
1020 1643 1103 1677 dicit·
1110 1643 1265 1691 populum
1275 1640 1318 1677 ηό
1327 1641 1401 1676 ante
1411 1640 1466 1676 fibi
1475 1640 1668 1689 displicuisse
1677 1643 1709 1676 in
1720 1643 1865 1690 peccatis,
1875 1639 2057 1688 qudmsfue-

444 1696 486 1730 rit
496 1694 677 1734 conuersus,
684 1693 719 1727 id
728 1692 783 1733 est,
795 1702 966 1726 renouatus
976 1703 1042 1725 tam
1054 1692 1261 1739 intelligentia
1270 1689 1368 1737 qudm
1377 1690 1484 1725 corde.
1499 1690 1650 1735 Qdam
1666 1701 1840 1739 exponunt,
1851 1690 2057 1726 Consolatio-

443 1757 513 1779 nem
524 1756 596 1778 acce
621 1746 643 1777 i:
652 1742 705 1777 scd
711 1754 822 1777 eorum
833 1753 924 1776 error
934 1738 1029 1775 facile
1039 1739 1197 1775 refellitur
1206 1752 1243 1773 ex
1254 1750 1416 1780 contextu,
1424 1741 1501 1786 quia
1511 1739 1607 1788 paulo
1617 1739 1686 1787 post
1694 1739 1873 1780 subiicitur,
1884 1737 2001 1779 Erubui,
2008 1750 2059 1774 at-

465 1805 500 1833 ue
508 1794 586 1838 confi(
597 1793 713 1840 ussicm.
726 1792 806 1827 Non
819 1790 953 1825 dubium
970 1791 1071 1838 igitur
1080 1789 1123 1823 est
1135 1814 1144 1828 ,
1152 1790 1229 1835 quin
1245 1787 1301 1823 hic
1308 1799 1441 1824 notetur
1450 1788 1648 1836 displicentia
1658 1789 1733 1825 cum
1747 1799 1898 1836 peccator
1917 1796 2057 1823 terretur

444 1807 511 1876 ssei
518 1843 656 1882 iudicio,
667 1852 702 1876 vt
712 1842 798 1876 vitiis
813 1840 875 1874 suis
885 1841 1055 1873 renuntiet.
1076 1838 1221 1886 Postquam
1230 1841 1357 1886 cognitus
1366 1837 1431 1884 fiam
1439 1839 1522 1877 mihi,·
1531 1838 1581 1873 vel
1590 1863 1599 1878 ,
1655 1837 1777 1885 stquam
1785 1838 1865 1872 mihi
1881 1836 1944 1872 fuit
1952 1837 2060 1871 osten-

444 1891 525 1930 sum,
536 1891 585 1926 vel
596 1916 606 1929 ,
616 1890 783 1939 postquam
795 1891 937 1936 cognoui
947 1913 956 1929 r
966 1887 1159 1936 [impliciter.
1177 1887 1265 1922 Nam
1281 1884 1441 1936 possumus
1449 1888 1590 1936 accipere
1599 1850 1789 1933 ,5'Oostquam
1802 1887 1915 1921 datum
1925 1884 1990 1919 fuit
1999 1884 2060 1933 ipsi

445 1939 652 1987 Epliraim,vt
661 1939 796 1987 seipsum
804 1936 1235 1985 agnosceretwehpostquam
1247 1935 1379 1985 seipsum
1391 1939 1550 1983 cognouit.
1556 1936 1624 1970 Alii
1635 1933 1934 1982 vertsit,Postquam
1947 1936 2059 1983 cogni-

444 1999 492 2024 tus
501 1988 566 2023 sum
580 1993 629 2023 2&
638 1990 681 2022 ita
693 1975 862 2022 idemeffet
871 1985 972 2023 sensus
982 1987 1101 2020 horum
1112 1985 1296 2024 verborum,
1307 1985 1363 2032 qui
1374 1984 1416 2019 est
1435 1984 1609 2020 verborum
1619 1982 1729 2025 Pauli,
1740 1983 2059 2031 Postquam-agnoui-

442 2038 492 2073 stis
503 2038 625 2078 Deum,
636 2037 684 2072 vel
691 2038 799 2086 potius
808 2037 929 2084 cogniti
938 2036 1006 2070 estis
1015 2034 1056 2069 ab
1068 2035 1119 2076 eo,
1132 2035 1187 2068 Ad.
1198 2033 1331 2069 Galatas
1341 2059 1348 2068 .
1359 2033 1410 2068 sed
1422 2046 1535 2068 vereor
1542 2034 1642 2068 ncilla
1651 2033 1805 2082 expositio
1813 2033 1949 2067 nimium
1958 2032 1996 2067 fit
2006 2044 2060 2066 ar-

441 2087 621 2134 guta-Malo
629 2088 730 2134 igitur
739 2098 792 2120 eos
803 2085 903 2131 sequi,
915 2086 971 2131 qui
981 2086 1154 2133 exponunt,
1162 2083 1334 2128 Postquam
1345 2082 1493 2130 cognitus
1503 2083 1575 2116 sum
1585 2081 1909 2130 mihi‚vel‚postquam
1919 2081 1999 2115 mihi
2010 2093 2059 2114 res

438 2135 484 2169 est
494 2134 661 2183 patefaQa.
675 2136 711 2171 N
715 2147 755 2169 .›n
764 2133 902 2169 dubium
920 2135 974 2175 est,
986 2135 1067 2180 quin
1080 2133 1241 2182 Propheta
1250 2131 1305 2165 hic
1317 2133 1520 2166 commendet
1530 2130 1908 2179 Dei'gratiam‚quoniam
1919 2127 2015 2164 fuerit
2024 2142 2060 2163 a-

440 2184 565 2220 blatum
575 2185 647 2220 vehi
656 2184 754 2220 oeulis
763 2183 936 2232 populi,vel
948 2185 1024 2230 quia
1033 2183 1159 2217 sanatus
1170 2179 1268 2216 fuerit
1278 2181 1296 2215 ὰ
1305 2178 1359 2215 sua
1369 2182 1520 2215 caecitate:
1528 2180 1614 2227 quafi
1624 2181 1745 2215 diceret
1753 2180 1782 2213 se
1792 2180 1848 2213 diu
1859 2176 1951 2212 fuisse
1958 2191 2059 2213 excae-

442 2244 561 2278 catum,
572 2236 646 2282 quia
655 2232 801 2283 placebat
811 2232 867 2267 fibi
883 2235 916 2266 in
927 2233 989 2267 suis
999 2233 1100 2272 vitiis,
1112 2236 1143 2266 &
1153 2233 1220 2265 tota
1229 2232 1296 2264 eius
1305 2231 1410 2264 anima
1420 2229 1564 2264 demersa
1572 2240 1643 2264 erat
1651 2231 1683 2263 in
1693 2228 1817 2275 stupore
1827 2240 1835 2260 t
1845 2228 2060 2273 quemadmo-

443 2282 489 2318 dii
497 2285 571 2317 seim
578 2296 612 2318 us
624 2296 677 2318 eos
687 2284 743 2330 qui
755 2282 773 2317 ’.ὶ
785 2282 858 2316 Deo
868 2282 969 2317 reliffl
980 2279 1053 2316 sunt
1064 2279 1124 2316 esse
1137 2279 1264 2329 prorsus
1274 2279 1437 2319 socordes,
1447 2283 1478 2313 &
1487 2278 1575 2325 quasi
1585 2278 1696 2312 similes
1705 2276 1815 2310 bestiis.
1836 2276 1971 2310 Fatetur
1979 2289 2060 2324 ergo

445 2332 536 2371 Israel
546 2332 574 2365 se
585 2333 627 2366 ad
636 2343 759 2379 tempus
774 2331 835 2365 hoc
846 2331 946 2365 modo
959 2329 1049 2365 fuisse
1060 2330 1238 2378 stupidum,
1247 2333 1279 2363 δε
1290 2338 1429 2362 mentem
1437 2327 1524 2363 suam
1533 2326 1625 2362 fuiss’e
1634 2336 1831 2360 excaecatam.
1845 2326 1933 2372 Ergo
1941 2324 1997 2359 hic
2005 2338 2060 2360 ce·-

446 2380 548 2414 lebrat
557 2382 694 2428 gratiam
704 2380 780 2419 Dei,
791 2379 883 2426 quod
894 2380 1024 2414 tandem
1034 2379 1319 2425 oculosaperuerit.
1346 2377 1460 2422 Neque
1469 2377 1553 2409 enim
1561 2376 1615 2410 hic
1623 2375 1778 2424 praedicat
1787 2373 1874 2408 suam
1884 2377 2059 2416 virtutem,

446 2429 724 2475 quemadmodum
734 2429 884 2466 diximus,
896 2428 949 2462 sed
959 2427 1062 2475 agnos
1058 2429 1100 2460 cit
1111 2427 1173 2459 hoc
1181 2436 1288 2459 toturn
1298 2423 1476 2473 profestum
1486 2423 1546 2458 effe
1555 2422 1574 2456 ὲ
1586 2425 1725 2472 gratuita
1736 2423 1802 2457 Dei
1811 2422 2059 2469 bonitate,qu6d

448 2477 621 2524 resipuerit.
634 2477 929 2521 Qmadmodum
938 2488 1016 2523 ergo
1026 2474 1082 2510 sub
1090 2476 1218 2507 nomine
1230 2473 1444 2508 conuerfionis
1454 2472 1635 2520 complexus
1649 2472 1692 2506 est
1708 2473 1948 2506 renouationem
1959 2473 2059 2507 totius

447 2528 562 2561 am'mae
572 2553 579 2566 ‚
591 2528 636 2560 ita
646 2539 730 2560 nunc
742 2524 918 2573 specialiter
931 2525 1010 2558 dicit
1020 2524 1047 2557 se
1059 2523 1223 2572 preditum
1233 2520 1293 2556 esse
1303 2520 1385 2556 reeta
1395 2521 1604 2569 intelligentia
1613 2548 1622 2562 ‚
1634 2523 1786 2568 quoniam
1797 2519 1887 2556 Deus
1897 2519 2058 2555 abstulerit

450 2575 593 2622 velum‚q
599 2588 641 2610 uo
650 2574 768 2609 obtecti
778 2585 870 2608 erant
877 2575 942 2607 eius
950 2573 1048 2613 oculi,
1060 2577 1091 2606 &
1103 2573 1206 2605 lucem
1215 2583 1332 2606 nouam
1344 2570 1524 2604 contulerit.
1533 2571 1667 2606 Summa
1686 2569 1740 2610 est,
1749 2582 1813 2604 non
1823 2569 1895 2604 ante
1907 2567 1998 2603 fuisse
2008 2579 2058 2603 ta-

449 2628 534 2660 &um
545 2637 622 2659 vero
633 2626 747 2658 timore
759 2623 823 2657 Dei
835 2648 843 2663 ‚
852 2621 948 2669 quaim
964 2617 1110 2671 praeditus
1123 2619 1188 2655 fuit
1202 2620 1274 2654 sana
1283 2630 1408 2654 mente:
1424 2618 1479 2654 'sed
1489 2622 1607 2654 interea
1619 2619 1749 2654 testatur
1759 2619 1821 2653 hoc
1833 2617 1864 2652 se
1875 2612 1970 2653 fuisse
1980 2618 2058 2652 ade-

453 2685 544 2723 ptum
555 2673 705 2721 singulari
719 2671 786 2707 Dei
794 2674 904 2720 gratia.
923 2671 1077 2706 Videmus
1086 2682 1164 2718 ergo
1181 2680 1215 2703 vt
1227 2666 1387 2717 Propheta
1397 2667 1453 2704 sub
1471 2669 1602 2703 nomine
1612 2669 1722 2704 decem
1732 2667 1898 2702 Tribuum
1908 2665 2059 2714 agnoscat:¹

451 2722 530 2757 nihil
539 2720 598 2756 effe
608 2721 744 2769 positum
753 2723 790 2756 in
800 2720 899 2755 libero
908 2720 1046 2755 hominis
1057 2719 1203 2756 arbitrio,
1210 2717 1263 2752 sed
1274 2717 1380 2752 sanam
1392 2727 1531 2752 mentem
1544 2722 1582 2753 ¹&
1599 2720 1718 2753 refflim
1728 2717 1833 2751 cordis
1842 2715 1985 2750 affictum
1995 2713 2058 2749 esse

449 2785 532 2820 opus
546 2773 680 2820 Spiritus
699 2767 805 2806 saneti.
826 2767 956 2816 Percuffio
963 2769 1090 2812 foemoris
1105 2766 1259 2816 significat
1268 2779 1466 2807 moerorem„
1483 2767 1517 2800 ui
1528 2768 1684 2815 contingit
1691 2779 1729 2801 ex
1743 2765 1830 2800 sensu
1839 2765 1965 2798 timoris
1981 2762 2057 2798 Dei.

452 2820 616 2866 Qandiu
627 2822 713 2854 enirn
723 2819 957 2854 contemnimus
970 2815 1035 2852 Dei
1044 2817 1209 2860 iudicium,
1216 2810 1293 2850 ¹fieri
1302 2828 1366 2850 non
1377 2827 1450 2865 pote
1488 2841 1496 2856 ,
1508 2810 1586 2862 quin
1599 2817 1692 2852 Satan
1701 2827 1758 2849 nos
1767 2813 1970 2857 deliniat²suis
1986 2814 2057 2848 ille-

451 2870 563 2904 cebris.
583 2870 644 2906 Sed
657 2869 712 2904 vbi
722 2869 811 2904 Deus
825 2867 965 2902 ostendit
974 2867 1004 2902 se
1023 2867 1114 2901 nobis
1124 2864 1275 2909 iudicem,
1285 2869 1316 2899 &
1325 2864 1414 2899 simul
1424 2875 1553 2914 apparet
1562 2864 1653 2901 nobis
1670 2861 1838 2911 turpitudo
1853 2861 1970 2902 nostra,
1979 2871 2058 2898 tunc

454 2920 619 2968 incipimus
626 2920 731 2961 foemur
743 2914 890 2966 per'cutere
901 2942 907 2948 .
929 2918 968 2951 Et
980 2917 1127 2964 adiungit
1146 2910 1331 2949 ineundem
1348 2914 1470 2948 sensum
1483 2936 1491 2953 ,
1511 2913 1636 2954 Erubui,
1644 2923 1676 2948 at
1697 2924 1730 2947 ue
1742 2909 1902 2957 etiamficm
1919 2911 2056 2956 confitsiu.

452 2968 556 3003 Miror
567 2981 623 3002 cur
635 2966 825 3015 Interpretes
842 2967 935 3000 multi
957 2965 1151 3012 neglexerint
1168 2964 1358 3013 particulam
1376 2973 1413 3002 n}
1429 2976 1437 2996 ι
1456 2972 1586 2997 vertunt
1606 2927 1737 2996 consquso
1747 2958 1862 2993 ordine
1871 2983 1880 2998 ‚
1892 2957 2058 2994 Confusus

451 3016 520 3062 suni
538 3022 569 3052 &
584 3015 715 3062 erubui-A
732 3015 838 3063 Atqui
848 3014 1002 3063 particula
1011 3013 1076 3048 haec
1094 3014 1231 3048 oste‘ndit
1242 3011 1436 3060 Prophetam
1450 3022 1638 3058 exaggerare
1657 3007 1910 3056 magnitudinem
1926 3006 2058 3043 tristitia:

450 3069 482 3099 ἀ
494 3063 634 3114 ¹ptidoris
649 3064 697 3099 ‘sui
711 3065 789 3099 'curn
802 3064 883 3098 dicit
894 3087 902 3102 ,
911 3062 1022 3099 Erubu'i
1033 3086 1042 3100 ,
1054 3066 1143 3112 'atque
1159 3064 1246 3097 etiam
1260 3061 1385 3107 ‘confiasus
1397 3057 1766 3106 susmJPostea'adiungit
1777 3058 1878 3100 ,Qia
1887 3058 2060 3104 tuli-oppro-

448 3112 542 3150 briam
556 3114 744 3159 adnleseentia
756 3123 838 3157 meg.
851 3112 918 3147 Hic
935 3112 1051 3159 repetit
1067 3110 1157 3158 quod
1174 3110 1247 3149 ant'e
1255 3111 1379 3156 dixerat
1388 3132 1398 3148 ,
1410 3120 1520 3157 nempe
1537 3103 1688 3156 profuiffe
1705 3104 1852 3145 Israelitis
1868 3117 1994 3153 poenam
2005 3106 2058 3140 di-

449 3164 566 3198 uinitus
584 3162 733 3199 inflictam
747 3188 755 3196 .
768 3161 851 3198 ‘Nisi
866 3163 950 3197 enim
968 3158 1098 3196 fuiss'e'nt
1115 3160 1179 3194 hoc
1196 3159 1298 3194 modo
1313 3155 1474 3208 pudefacti
1494 3157 1510 3197 ,'
1522 3154 1641 3204 semper
1658 3153 1715 3190 sibi
1732 3151 1876 3190 feclsent
1891 3151 2014 3237 deliria?
2022 3156 2057 3188 in

2007 3213 2056 3242 Ul}
